@misc{GPS3,
    title={Microlocal Morse theory of wrapped Fukaya categories},
    author={Sheel Ganatra and John Pardon and Vivek Shende},
    year={2018},
    eprint={1809.08807},
    archivePrefix={arXiv},
    primaryClass={math.SG}
}

@misc{GPS2,
    title={Sectorial descent for wrapped Fukaya categories},
    author={Sheel Ganatra and John Pardon and Vivek Shende},
    year={2018},
    eprint={1809.03427},
    archivePrefix={arXiv},
    primaryClass={math.SG}
}

@misc{GPS1,
    title={Covariantly functorial wrapped Floer theory on Liouville sectors},
    author={Sheel Ganatra and John Pardon and Vivek Shende},
    year={2017},
    eprint={1706.03152},
    archivePrefix={arXiv},
    primaryClass={math.SG},
}

@misc{Ga:HH,
    title={Symplectic cohomology from Hochschild (co)homology},
    author={Sheel Ganatra},
    url={https://sheelganatra.com/wrapcy2.pdf},
}

@book {L,
    AUTHOR = {Lee, Heather Ming},
     TITLE = {Homological mirror symmetry for open {R}iemann surfaces from
              pair-of-pants decompositions},
      NOTE = {Thesis (Ph.D.)--University of California, Berkeley},
 PUBLISHER = {ProQuest LLC, Ann Arbor, MI},
      YEAR = {2015},
     PAGES = {51},
      ISBN = {978-1339-21684-3},
   MRCLASS = {Thesis},
  MRNUMBER = {3450266},
       URL =
              {http://gateway.proquest.com.ezproxy.lib.utexas.edu/openurl?url_ver=Z39.88-2004&rft_val_fmt=info:ofi/fmt:kev:mtx:dissertation&res_dat=xri:pqm&rft_dat=xri:pqdiss:3733409},
}

@article {Mi:pants,
    AUTHOR = {Mikhalkin, Grigory},
     TITLE = {Decomposition into pairs-of-pants for complex algebraic
              hypersurfaces},
   JOURNAL = {Topology},
  FJOURNAL = {Topology. An International Journal of Mathematics},
    VOLUME = {43},
      YEAR = {2004},
    NUMBER = {5},
     PAGES = {1035--1065},
      ISSN = {0040-9383},
   MRCLASS = {14J70 (14M25 32Q55)},
  MRNUMBER = {2079993},
MRREVIEWER = {G. K. Sankaran},
       DOI = {10.1016/j.top.2003.11.006},
       URL = {https://doi-org.ezproxy.lib.utexas.edu/10.1016/j.top.2003.11.006},
}

@article {PS,
    AUTHOR = {Pascaleff, James and Sibilla, Nicol\`o},
     TITLE = {Topological {F}ukaya category and mirror symmetry for
              punctured surfaces},
   JOURNAL = {Compos. Math.},
  FJOURNAL = {Compositio Mathematica},
    VOLUME = {155},
      YEAR = {2019},
    NUMBER = {3},
     PAGES = {599--644},
      ISSN = {0010-437X},
   MRCLASS = {53D37 (14J33 18E30)},
  MRNUMBER = {3923362},
       DOI = {10.1112/s0010437x19007073},
       URL = {https://doi-org.ezproxy.lib.utexas.edu/10.1112/s0010437x19007073},
}

@misc{OT,
    title={Continuous and coherent actions on wrapped Fukaya categories},
    author={Yong-Geun Oh and Hiro Lee Tanaka},
    year={2019},
    eprint={1911.00349},
    archivePrefix={arXiv},
    primaryClass={math.SG}
}

@article {EL,
    AUTHOR = {Evans, Jonathan David and Lekili, Yank\i },
     TITLE = {Generating the {F}ukaya categories of {H}amiltonian
              {$G$}-manifolds},
   JOURNAL = {J. Amer. Math. Soc.},
  FJOURNAL = {Journal of the American Mathematical Society},
    VOLUME = {32},
      YEAR = {2019},
    NUMBER = {1},
     PAGES = {119--162},
      ISSN = {0894-0347},
   MRCLASS = {53D37 (53D12 53D40)},
  MRNUMBER = {3868001},
MRREVIEWER = {Georgios Dimitroglou Rizell},
       DOI = {10.1090/jams/909},
       URL = {https://doi-org.ezproxy.lib.utexas.edu/10.1090/jams/909},
}

@book {DK,
    AUTHOR = {Dyckerhoff, Tobias and Kapranov, Mikhail},
     TITLE = {Higher {S}egal spaces},
    SERIES = {Lecture Notes in Mathematics},
    VOLUME = {2244},
 PUBLISHER = {Springer, Cham},
      YEAR = {2019},
     PAGES = {xv+218},
      ISBN = {978-3-030-27122-0; 978-3-030-27124-4},
   MRCLASS = {55U35 (05E05 05E10 18G30 19D10 55U10)},
  MRNUMBER = {3970975},
       DOI = {10.1007/978-3-030-27124-4},
       URL = {https://doi-org.ezproxy.lib.utexas.edu/10.1007/978-3-030-27124-4},
}

@article {Ab:generate,
    AUTHOR = {Abouzaid, Mohammed},
     TITLE = {A geometric criterion for generating the {F}ukaya category},
   JOURNAL = {Publ. Math. Inst. Hautes \'{E}tudes Sci.},
  FJOURNAL = {Publications Math\'{e}matiques. Institut de Hautes \'{E}tudes
              Scientifiques},
    NUMBER = {112},
      YEAR = {2010},
     PAGES = {191--240},
      ISSN = {0073-8301},
   MRCLASS = {53D37},
  MRNUMBER = {2737980},
MRREVIEWER = {Timothy Perutz},
       DOI = {10.1007/s10240-010-0028-5},
       URL = {https://doi-org.ezproxy.lib.utexas.edu/10.1007/s10240-010-0028-5},
}

@article {AS,
    AUTHOR = {Abouzaid, Mohammed and Seidel, Paul},
     TITLE = {An open string analogue of {V}iterbo functoriality},
   JOURNAL = {Geom. Topol.},
  FJOURNAL = {Geometry \& Topology},
    VOLUME = {14},
      YEAR = {2010},
    NUMBER = {2},
     PAGES = {627--718},
      ISSN = {1465-3060},
   MRCLASS = {53D40 (53D12 53D37)},
  MRNUMBER = {2602848},
MRREVIEWER = {Timothy Perutz},
       DOI = {10.2140/gt.2010.14.627},
       URL = {https://doi-org.ezproxy.lib.utexas.edu/10.2140/gt.2010.14.627},
}


@inproceedings {Ko:HMS,
    AUTHOR = {Kontsevich, Maxim},
     TITLE = {Homological algebra of mirror symmetry},
 BOOKTITLE = {Proceedings of the {I}nternational {C}ongress of
              {M}athematicians, {V}ol. 1, 2 ({Z}\"{u}rich, 1994)},
     PAGES = {120--139},
 PUBLISHER = {Birkh\"{a}user, Basel},
      YEAR = {1995},
   MRCLASS = {32J25 (14D07 14J32 18E30 32G05)},
  MRNUMBER = {1403918},
MRREVIEWER = {Claire Voisin},
}

@ARTICLE{Ko:fin,
       author = {{Kontsevich}, Maxim},
        title = "{Symplectic geometry of homological algebra}",
         year = "2009",
         month = "June",
       note = {\href{http://www.ihes.fr/~/maxim/TEXTS/Symplectic_AT2009.pdf}{available here}}
}

@misc{A1,
    title={Homological mirror symmetry without corrections},
    author={Mohammed Abouzaid},
    year={2017},
    eprint={1703.07898},
    archivePrefix={arXiv},
    primaryClass={math.SG}
}

@inproceedings {A2,
    AUTHOR = {Abouzaid, Mohammed},
     TITLE = {Family {F}loer cohomology and mirror symmetry},
 BOOKTITLE = {Proceedings of the {I}nternational {C}ongress of
              {M}athematicians---{S}eoul 2014. {V}ol. {II}},
     PAGES = {813--836},
 PUBLISHER = {Kyung Moon Sa, Seoul},
      YEAR = {2014},
   MRCLASS = {53D40 (14J33)},
  MRNUMBER = {3728639},
}

@article {Ab:loops,
    AUTHOR = {Abouzaid, Mohammed},
     TITLE = {On the wrapped {F}ukaya category and based loops},
   JOURNAL = {J. Symplectic Geom.},
  FJOURNAL = {The Journal of Symplectic Geometry},
    VOLUME = {10},
      YEAR = {2012},
    NUMBER = {1},
     PAGES = {27--79},
      ISSN = {1527-5256},
   MRCLASS = {53D37 (53D12)},
  MRNUMBER = {2904032},
MRREVIEWER = {Janko Latschev},
       URL = {http://projecteuclid.org.ezproxy.lib.utexas.edu/euclid.jsg/1332853049},
}


@article {Sh,
    AUTHOR = {Sheridan, Nick},
     TITLE = {Homological mirror symmetry for {C}alabi-{Y}au hypersurfaces
              in projective space},
   JOURNAL = {Invent. Math.},
  FJOURNAL = {Inventiones Mathematicae},
    VOLUME = {199},
      YEAR = {2015},
    NUMBER = {1},
     PAGES = {1--186},
      ISSN = {0020-9910},
   MRCLASS = {14F05 (14J32 14J33 18E30)},
  MRNUMBER = {3294958},
MRREVIEWER = {Sergiy Koshkin},
       DOI = {10.1007/s00222-014-0507-2},
       URL = {https://doi-org.ezproxy.lib.utexas.edu/10.1007/s00222-014-0507-2},
}

@article {Nad:arb1,
    AUTHOR = {Nadler, David},
     TITLE = {Arboreal singularities},
   JOURNAL = {Geom. Topol.},
  FJOURNAL = {Geometry \& Topology},
    VOLUME = {21},
      YEAR = {2017},
    NUMBER = {2},
     PAGES = {1231--1274},
      ISSN = {1465-3060},
   MRCLASS = {32S05 (53D37 55P10)},
  MRNUMBER = {3626601},
MRREVIEWER = {Maria Aparecida Soares Ruas},
       DOI = {10.2140/gt.2017.21.1231},
       URL = {https://doi-org.ezproxy.lib.utexas.edu/10.2140/gt.2017.21.1231},
}

@misc{Nad:arb2,
    title={Non-characteristic expansions of Legendrian singularities},
    author={David Nadler},
    year={2015},
    eprint={1507.01513},
    archivePrefix={arXiv},
    primaryClass={math.SG}
}

@article {Nad:ms,
    AUTHOR = {Nadler, David},
     TITLE = {Mirror symmetry for the {L}andau-{G}inzburg {$A$}-model
              {$M=\CC^n$}, {$W=z_1\cdots z_n$}},
   JOURNAL = {Duke Math. J.},
  FJOURNAL = {Duke Mathematical Journal},
    VOLUME = {168},
      YEAR = {2019},
    NUMBER = {1},
     PAGES = {1--84},
      ISSN = {0012-7094},
   MRCLASS = {53D37 (32C38 32S30)},
  MRNUMBER = {3909893},
       DOI = {10.1215/00127094-2018-0036},
       URL = {https://doi-org.ezproxy.lib.utexas.edu/10.1215/00127094-2018-0036},
}

@article {GN,
    AUTHOR = {Gammage, Benjamin and Nadler, David},
     TITLE = {Mirror symmetry for honeycombs},
   JOURNAL = {Trans. Amer. Math. Soc.},
  FJOURNAL = {Transactions of the American Mathematical Society},
    VOLUME = {373},
      YEAR = {2020},
    NUMBER = {1},
     PAGES = {71--107},
      ISSN = {0002-9947},
   MRCLASS = {14J33 (53D37)},
  MRNUMBER = {4042869},
       DOI = {10.1090/tran/7909},
       URL = {https://doi-org.ezproxy.lib.utexas.edu/10.1090/tran/7909},
}

@misc{GS,
    title={Mirror symmetry for very affine hypersurfaces},
    author={Benjamin Gammage and Vivek Shende},
    year={2017},
    eprint={1707.02959},
    archivePrefix={arXiv},
    primaryClass={math.SG}
}

@article {Fl,
    AUTHOR = {Floer, Andreas},
     TITLE = {Morse theory for {L}agrangian intersections},
   JOURNAL = {J. Differential Geom.},
  FJOURNAL = {Journal of Differential Geometry},
    VOLUME = {28},
      YEAR = {1988},
    NUMBER = {3},
     PAGES = {513--547},
      ISSN = {0022-040X},
   MRCLASS = {58F05 (35J65 58E05)},
  MRNUMBER = {965228},
MRREVIEWER = {Jean-Claude Sikorav},
       URL = {http://projecteuclid.org.ezproxy.lib.utexas.edu/euclid.jdg/1214442477},
}

@article {Oh,
    AUTHOR = {Oh, Yong-Geun},
     TITLE = {Floer cohomology of {L}agrangian intersections and
              pseudo-holomorphic disks. {I} and {II}},
   JOURNAL = {Comm. Pure Appl. Math.},
  FJOURNAL = {Communications on Pure and Applied Mathematics},
    VOLUME = {46},
      YEAR = {1993},
    NUMBER = {7},
     PAGES = {949--993},
      ISSN = {0010-3640},
   MRCLASS = {58E05 (57R99 58F05)},
  MRNUMBER = {1223659},
MRREVIEWER = {Wilhelm Klingenberg},
       DOI = {10.1002/cpa.3160460702},
       URL = {https://doi-org.ezproxy.lib.utexas.edu/10.1002/cpa.3160460702},
}

@book {FOOO,
    AUTHOR = {Fukaya, Kenji and Oh, Yong-Geun and Ohta, Hiroshi and Ono,
              Kaoru},
     TITLE = {Lagrangian intersection {F}loer theory: anomaly and
              obstruction. {P}art {I}},
    SERIES = {AMS/IP Studies in Advanced Mathematics},
    VOLUME = {46},
 PUBLISHER = {American Mathematical Society, Providence, RI; International
              Press, Somerville, MA},
      YEAR = {2009},
     PAGES = {xii+396},
      ISBN = {978-0-8218-4836-4},
   MRCLASS = {53D40 (53D12 53D37)},
  MRNUMBER = {2553465},
MRREVIEWER = {Michael J. Usher},
}

@incollection {Au,
    AUTHOR = {Auroux, Denis},
     TITLE = {A beginner's introduction to {F}ukaya categories},
 BOOKTITLE = {Contact and symplectic topology},
    SERIES = {Bolyai Soc. Math. Stud.},
    VOLUME = {26},
     PAGES = {85--136},
 PUBLISHER = {J\'{a}nos Bolyai Math. Soc., Budapest},
      YEAR = {2014},
   MRCLASS = {53D37 (53D40)},
  MRNUMBER = {3220941},
MRREVIEWER = {Nick Sheridan},
       DOI = {10.1007/978-3-319-02036-5_3},
       URL = {https://doi-org.ezproxy.lib.utexas.edu/10.1007/978-3-319-02036-5_3},
}

@book {Se,
    AUTHOR = {Seidel, Paul},
     TITLE = {Fukaya categories and {P}icard-{L}efschetz theory},
    SERIES = {Zurich Lectures in Advanced Mathematics},
 PUBLISHER = {European Mathematical Society (EMS), Z\"{u}rich},
      YEAR = {2008},
     PAGES = {viii+326},
      ISBN = {978-3-03719-063-0},
   MRCLASS = {53D40 (16E45 32Q65 53D12)},
  MRNUMBER = {2441780},
MRREVIEWER = {Timothy Perutz},
       DOI = {10.4171/063},
       URL = {https://doi-org.ezproxy.lib.utexas.edu/10.4171/063},
}

@article {GHK,
    AUTHOR = {Gross, Mark and Hacking, Paul and Keel, Sean},
     TITLE = {Mirror symmetry for log {C}alabi-{Y}au surfaces {I}},
   JOURNAL = {Publ. Math. Inst. Hautes \'{E}tudes Sci.},
  FJOURNAL = {Publications Math\'{e}matiques. Institut de Hautes \'{E}tudes
              Scientifiques},
    VOLUME = {122},
      YEAR = {2015},
     PAGES = {65--168},
      ISSN = {0073-8301},
   MRCLASS = {14J33 (14J32 14N35)},
  MRNUMBER = {3415066},
MRREVIEWER = {Amin Gholampour},
       DOI = {10.1007/s10240-015-0073-1},
       URL = {https://doi-org.ezproxy.lib.utexas.edu/10.1007/s10240-015-0073-1},
}
	
@article {GS1,
    AUTHOR = {Gross, Mark and Siebert, Bernd},
     TITLE = {Mirror symmetry via logarithmic degeneration data. {I}},
   JOURNAL = {J. Differential Geom.},
  FJOURNAL = {Journal of Differential Geometry},
    VOLUME = {72},
      YEAR = {2006},
    NUMBER = {2},
     PAGES = {169--338},
      ISSN = {0022-040X},
   MRCLASS = {14J32 (32Q25)},
  MRNUMBER = {2213573},
MRREVIEWER = {Diego Matessi},
       URL = {http://projecteuclid.org.ezproxy.lib.utexas.edu/euclid.jdg/1143593211},
}

@article {GS2,
    AUTHOR = {Gross, Mark and Siebert, Bernd},
     TITLE = {Mirror symmetry via logarithmic degeneration data, {II}},
   JOURNAL = {J. Algebraic Geom.},
  FJOURNAL = {Journal of Algebraic Geometry},
    VOLUME = {19},
      YEAR = {2010},
    NUMBER = {4},
     PAGES = {679--780},
      ISSN = {1056-3911},
   MRCLASS = {14J33 (14C30 14F40 14T05)},
  MRNUMBER = {2669728},
MRREVIEWER = {Diego Matessi},
       DOI = {10.1090/S1056-3911-2010-00555-3},
       URL = {https://doi-org.ezproxy.lib.utexas.edu/10.1090/S1056-3911-2010-00555-3},
}

@incollection {GS3,
    AUTHOR = {Gross, Mark and Siebert, Bernd},
     TITLE = {Theta functions and mirror symmetry},
 BOOKTITLE = {Surveys in differential geometry 2016. {A}dvances in geometry
              and mathematical physics},
    SERIES = {Surv. Differ. Geom.},
    VOLUME = {21},
     PAGES = {95--138},
 PUBLISHER = {Int. Press, Somerville, MA},
      YEAR = {2016},
   MRCLASS = {14J33 (14K25)},
  MRNUMBER = {3525095},
MRREVIEWER = {Sergiy Koshkin},
}
		
@incollection {GS4,
    AUTHOR = {Gross, Mark and Siebert, Bernd},
     TITLE = {Intrinsic mirror symmetry and punctured {G}romov-{W}itten
              invariants},
 BOOKTITLE = {Algebraic geometry: {S}alt {L}ake {C}ity 2015},
    SERIES = {Proc. Sympos. Pure Math.},
    VOLUME = {97},
     PAGES = {199--230},
 PUBLISHER = {Amer. Math. Soc., Providence, RI},
      YEAR = {2018},
   MRCLASS = {14N35 (14J32 14J33)},
  MRNUMBER = {3821173},
MRREVIEWER = {Andrea Petracci},
}

@article{ACGS,
    AUTHOR = {Gross, Mark},
    AUTHOR = {Siebert, Bernd},
    AUTHOR = {Chen, Qile},
    AUTHOR = {Abramovich, Dan},
     TITLE = {Punctured logarithmic maps},
      YEAR = {2019},
      URL = {https://www.dpmms.cam.ac.uk/~mg475/punctured.pdf},
      JOURNAL={},
}

@incollection {W:mirror,
    AUTHOR = {Witten, Edward},
     TITLE = {Mirror manifolds and topological field theory},
 BOOKTITLE = {Essays on mirror manifolds},
     PAGES = {120--158},
 PUBLISHER = {Int. Press, Hong Kong},
      YEAR = {1992},
   MRCLASS = {81T40 (14J30 32G81 32J27 32J81 81T70)},
  MRNUMBER = {1191422},
MRREVIEWER = {Bruce Hunt},
}

@article {Sy,
    AUTHOR = {Sylvan, Zachary},
     TITLE = {On partially wrapped {F}ukaya categories},
   JOURNAL = {J. Topol.},
  FJOURNAL = {Journal of Topology},
    VOLUME = {12},
      YEAR = {2019},
    NUMBER = {2},
     PAGES = {372--441},
      ISSN = {1753-8416},
   MRCLASS = {53D37},
  MRNUMBER = {3911570},
MRREVIEWER = {Xin Jin},
       DOI = {10.1112/topo.12088},
       URL = {https://doi-org.ezproxy.lib.utexas.edu/10.1112/topo.12088},
}

@misc{STW,
    title={On the combinatorics of exact Lagrangian surfaces},
    author={Vivek Shende and David Treumann and Harold Williams},
    year={2016},
    eprint={1603.07449},
    archivePrefix={arXiv},
    primaryClass={math.SG}
}

@misc{S:toric,
      title={Toric mirror symmetry revisited},
      author={Vivek Shende},
      year={2021},
      eprint={2103.05386},
      archivePrefix={arXiv},
      primaryClass={math.SG}
}

@article {FLTZ,
    AUTHOR = {Fang, Bohan and Liu, Chiu-Chu Melissa and Treumann, David and
              Zaslow, Eric},
     TITLE = {T-duality and homological mirror symmetry for toric varieties},
   JOURNAL = {Adv. Math.},
  FJOURNAL = {Advances in Mathematics},
    VOLUME = {229},
      YEAR = {2012},
    NUMBER = {3},
     PAGES = {1875--1911},
      ISSN = {0001-8708},
   MRCLASS = {14J33 (14M25)},
  MRNUMBER = {2871160},
MRREVIEWER = {Siu-Cheong Lau},
       DOI = {10.1016/j.aim.2011.10.022},
       URL = {https://doi-org.ezproxy.lib.utexas.edu/10.1016/j.aim.2011.10.022},
}

@misc{Ng,
    title={On the complement of a positive normal crossing divisor with no triple intersection in a projective variety},
    author={Khoa Lu Nguyen},
    year={2015},
    eprint={1512.08537},
    archivePrefix={arXiv},
    primaryClass={math.SG}
}

@article {SYZ,
    AUTHOR = {Strominger, Andrew and Yau, Shing-Tung and Zaslow, Eric},
     TITLE = {Mirror symmetry is {$T$}-duality},
   JOURNAL = {Nuclear Phys. B},
  FJOURNAL = {Nuclear Physics. B. Theoretical, Phenomenological, and
              Experimental High Energy Physics. Quantum Field Theory and
              Statistical Systems},
    VOLUME = {479},
      YEAR = {1996},
    NUMBER = {1-2},
     PAGES = {243--259},
      ISSN = {0550-3213},
   MRCLASS = {32J17 (14J32 32J81 81T30)},
  MRNUMBER = {1429831},
MRREVIEWER = {Mark Gross},
       DOI = {10.1016/0550-3213(96)00434-8},
       URL = {https://doi-org.ezproxy.lib.utexas.edu/10.1016/0550-3213(96)00434-8},
}


@article {Hesse,
    AUTHOR = {Hesse, Jan},
     TITLE = {An equivalence between semisimple symmetric {F}robenius
              algebras and {C}alabi-{Y}au categories},
   JOURNAL = {J. Homotopy Relat. Struct.},
  FJOURNAL = {Journal of Homotopy and Related Structures},
    VOLUME = {13},
      YEAR = {2018},
    NUMBER = {1},
     PAGES = {251--272},
      ISSN = {2193-8407},
   MRCLASS = {16D90 (18B99 18D10)},
  MRNUMBER = {3769372},
MRREVIEWER = {J\"{o}rg Feldvoss},
       DOI = {10.1007/s40062-017-0181-3},
       URL = {https://doi-org.ezproxy.lib.utexas.edu/10.1007/s40062-017-0181-3},
}
