@article {KRS,
    AUTHOR = {Kapustin, Anton and Rozansky, Lev and Saulina, Natalia},
     TITLE = {Three-dimensional topological field theory and symplectic
              algebraic geometry. {I}},
   JOURNAL = {Nuclear Phys. B},
  FJOURNAL = {Nuclear Physics. B. Theoretical, Phenomenological, and
              Experimental High Energy Physics. Quantum Field Theory and
              Statistical Systems},
    VOLUME = {816},
      YEAR = {2009},
    NUMBER = {3},
     PAGES = {295--355},
      ISSN = {0550-3213},
   MRCLASS = {81T45 (32J81 32Q25)},
  MRNUMBER = {2522724},
MRREVIEWER = {Johannes Walcher},
       DOI = {10.1016/j.nuclphysb.2009.01.027},
       URL = {https://doi-org.ezproxy.lib.utexas.edu/10.1016/j.nuclphysb.2009.01.027},
}

@article {KR,
    AUTHOR = {Kapustin, Anton and Rozansky, Lev},
     TITLE = {Three-dimensional topological field theory and symplectic
              algebraic geometry {II}},
   JOURNAL = {Commun. Number Theory Phys.},
  FJOURNAL = {Communications in Number Theory and Physics},
    VOLUME = {4},
      YEAR = {2010},
    NUMBER = {3},
     PAGES = {463--549},
      ISSN = {1931-4523},
   MRCLASS = {81T45 (18D05 18E30 32J81 57R56)},
  MRNUMBER = {2771578},
MRREVIEWER = {Johannes Walcher},
       DOI = {10.4310/CNTP.2010.v4.n3.a1},
       URL = {https://doi-org.ezproxy.lib.utexas.edu/10.4310/CNTP.2010.v4.n3.a1},
}
	
	
@article {RW,
    AUTHOR = {Rozansky, L. and Witten, E.},
     TITLE = {Hyper-{K}\"{a}hler geometry and invariants of three-manifolds},
   JOURNAL = {Selecta Math. (N.S.)},
  FJOURNAL = {Selecta Mathematica. New Series},
    VOLUME = {3},
      YEAR = {1997},
    NUMBER = {3},
     PAGES = {401--458},
      ISSN = {1022-1824},
   MRCLASS = {57R57 (53C25 57N10 58D30 58G18 81Q30 81T18)},
  MRNUMBER = {1481135},
MRREVIEWER = {Ruth Lawrence},
       DOI = {10.1007/s000290050016},
       URL = {https://doi-org.ezproxy.lib.utexas.edu/10.1007/s000290050016},
}
       
       
@inproceedings {K,
    AUTHOR = {Kapustin, Anton},
     TITLE = {Topological field theory, higher categories, and their
              applications},
 BOOKTITLE = {Proceedings of the {I}nternational {C}ongress of
              {M}athematicians. {V}olume {III}},
     PAGES = {2021--2043},
 PUBLISHER = {Hindustan Book Agency, New Delhi},
      YEAR = {2010},
   MRCLASS = {57R56 (14D24 14F05 18D05 81T45)},
  MRNUMBER = {2827874},
MRREVIEWER = {Jeffrey Giansiracusa},
}

@article {IS,
    AUTHOR = {Intriligator, K. and Seiberg, N.},
     TITLE = {Mirror symmetry in three-dimensional gauge theories},
   JOURNAL = {Phys. Lett. B},
  FJOURNAL = {Physics Letters. B. Particle Physics, Nuclear Physics and
              Cosmology},
    VOLUME = {387},
      YEAR = {1996},
    NUMBER = {3},
     PAGES = {513--519},
      ISSN = {0370-2693},
   MRCLASS = {81T30 (81T17)},
  MRNUMBER = {1413696},
       DOI = {10.1016/0370-2693(96)01088-X},
       URL = {https://doi-org.ezproxy.lib.utexas.edu/10.1016/0370-2693(96)01088-X},
}

@ARTICLE{KV,
    title={A-models in three and four dimensions},
    author={Anton Kapustin and Ketan Vyas},
    year={2010},
    eprint={1002.4241},
    archivePrefix={arXiv},
    primaryClass={hep-th}
}
	
@inproceedings {T,
    AUTHOR = {Teleman, Constantin},
     TITLE = {Gauge theory and mirror symmetry},
 BOOKTITLE = {Proceedings of the {I}nternational {C}ongress of
              {M}athematicians---{S}eoul 2014. {V}ol. {II}},
     PAGES = {1309--1332},
 PUBLISHER = {Kyung Moon Sa, Seoul},
      YEAR = {2014},
   MRCLASS = {57R56 (18D05 55N91)},
  MRNUMBER = {3728663},
MRREVIEWER = {Ramses Fernandez-Valencia},
}

@book {Hall,
    AUTHOR = {Hall, Brian C.},
     TITLE = {Quantum theory for mathematicians},
    SERIES = {Graduate Texts in Mathematics},
    VOLUME = {267},
 PUBLISHER = {Springer, New York},
      YEAR = {2013},
     PAGES = {xvi+554},
      ISBN = {978-1-4614-7115-8; 978-1-4614-7116-5},
   MRCLASS = {81-02 (46N50)},
  MRNUMBER = {3112817},
       DOI = {10.1007/978-1-4614-7116-5},
       URL = {https://doi.org/10.1007/978-1-4614-7116-5},
}


@incollection {G_1aff,
    AUTHOR = {Gaitsgory, Dennis},
     TITLE = {Sheaves of categories and the notion of 1-affineness},
 BOOKTITLE = {Stacks and categories in geometry, topology, and algebra},
    SERIES = {Contemp. Math.},
    VOLUME = {643},
     PAGES = {127--225},
 PUBLISHER = {Amer. Math. Soc., Providence, RI},
      YEAR = {2015},
   MRCLASS = {14F05 (14A20)},
  MRNUMBER = {3381473},
MRREVIEWER = {Jon Eivind Vatne},
       DOI = {10.1090/conm/643/12899},
       URL = {https://doi.org/10.1090/conm/643/12899},
}

@article {HKR,
    AUTHOR = {Hochschild, G. and Kostant, Bertram and Rosenberg, Alex},
     TITLE = {Differential forms on regular affine algebras},
   JOURNAL = {Trans. Amer. Math. Soc.},
  FJOURNAL = {Transactions of the American Mathematical Society},
    VOLUME = {102},
      YEAR = {1962},
     PAGES = {383--408},
      ISSN = {0002-9947},
   MRCLASS = {18.20 (14.52)},
  MRNUMBER = {142598},
MRREVIEWER = {J. W. Gray},
       DOI = {10.2307/1993614},
       URL = {https://doi-org.ezproxy.lib.utexas.edu/10.2307/1993614},
}
	
	