@article {lim:2016,
    AUTHOR = {Ye, Ke and Lim, Lek-Heng},
     TITLE = {Schubert varieties and distances between subspaces of
              different dimensions},
   JOURNAL = {SIAM J. Matrix Anal. Appl.},
  FJOURNAL = {SIAM Journal on Matrix Analysis and Applications},
    VOLUME = {37},
      YEAR = {2016},
    NUMBER = {3},
     PAGES = {1176--1197},
      ISSN = {0895-4798},
   MRCLASS = {14M15 (14N20 15A18 51K99)},
  MRNUMBER = {3543155},
MRREVIEWER = {Enrico Carlini},
       DOI = {10.1137/15M1054201},
       URL = {https://doi-org.ezproxy.lib.utexas.edu/10.1137/15M1054201},
}

@misc{lim:2018,
      title={The Grassmannian of affine subspaces},
      author={Lek-Heng Lim and Ken Sze-Wai Wong and Ke Ye},
      year={2018},
      eprint={1807.10883},
      archivePrefix={arXiv},
      primaryClass={math.DG}
}

@ARTICLE{lim:2019,
  author={L. {Lim} and R. {Sepulchre} and K. {Ye}},
  journal={IEEE Transactions on Information Theory},
  title={Geometric Distance Between Positive Definite Matrices of Different Dimensions},
  year={2019},
  volume={65},
  number={9},
  pages={5401-5405},}

@misc{DHKK,
      title={Dynamical systems and categories}, 
      author={George Dimitrov and Fabian Haiden and Ludmil Katzarkov and Maxim Kontsevich},
      year={2013},
      eprint={1307.8418},
      archivePrefix={arXiv},
      primaryClass={math.CT}
}
