@article {M,
    AUTHOR = {Milnor, John},
     TITLE = {On the existence of a connection with curvature zero},
   JOURNAL = {Comment. Math. Helv.},
  FJOURNAL = {Commentarii Mathematici Helvetici},
    VOLUME = {32},
      YEAR = {1958},
     PAGES = {215--223},
      ISSN = {0010-2571},
   MRCLASS = {53.00},
  MRNUMBER = {95518},
MRREVIEWER = {L. Auslander},
       DOI = {10.1007/BF02564579},
       URL = {https://doi-org.ezproxy.lib.utexas.edu/10.1007/BF02564579},
}

@article {W,
    AUTHOR = {Wood, John W.},
     TITLE = {Bundles with totally disconnected structure group},
   JOURNAL = {Comment. Math. Helv.},
  FJOURNAL = {Commentarii Mathematici Helvetici},
    VOLUME = {46},
      YEAR = {1971},
     PAGES = {257--273},
      ISSN = {0010-2571},
   MRCLASS = {32L05 (55F25)},
  MRNUMBER = {293655},
MRREVIEWER = {R. L. E. Schwarzenberger},
       DOI = {10.1007/BF02566843},
       URL = {https://doi-org.ezproxy.lib.utexas.edu/10.1007/BF02566843},
}