@article{Z,
   title={The Powell conjecture and reducing sphere complexes},
   ISSN={1469-7750},
   url={http://dx.doi.org/10.1112/jlms.12272},
   DOI={10.1112/jlms.12272},
   journal={Journal of the London Mathematical Society},
   publisher={Wiley},
   author={Zupan, Alexander},
   year={2019},
   month={Jul}
}

@article {S,
    AUTHOR = {Sibilla, Nicol\`o},
     TITLE = {A note on mapping class group actions on derived categories},
   JOURNAL = {Proc. Amer. Math. Soc.},
  FJOURNAL = {Proceedings of the American Mathematical Society},
    VOLUME = {142},
      YEAR = {2014},
    NUMBER = {6},
     PAGES = {1837--1848},
      ISSN = {0002-9939},
   MRCLASS = {14F05 (53D37)},
  MRNUMBER = {3182005},
MRREVIEWER = {Junwu Tu},
       DOI = {10.1090/S0002-9939-2014-11914-9},
       URL = {https://doi.org/10.1090/S0002-9939-2014-11914-9},
}

@article {ST,
    AUTHOR = {Seidel, Paul and Thomas, Richard},
     TITLE = {Braid group actions on derived categories of coherent sheaves},
   JOURNAL = {Duke Math. J.},
  FJOURNAL = {Duke Mathematical Journal},
    VOLUME = {108},
      YEAR = {2001},
    NUMBER = {1},
     PAGES = {37--108},
      ISSN = {0012-7094},
   MRCLASS = {14F05 (14J32 18E30 20F36 53D40)},
  MRNUMBER = {1831820},
MRREVIEWER = {Mikhail G. Khovanov},
       DOI = {10.1215/S0012-7094-01-10812-0},
       URL = {https://doi.org/10.1215/S0012-7094-01-10812-0},
}