@incollection {BD,
    AUTHOR = {Beilinson, A. A. and Drinfeld, V. G.},
     TITLE = {Quantization of {H}itchin's fibration and {L}anglands'
              program},
 BOOKTITLE = {Algebraic and geometric methods in mathematical physics
              ({K}aciveli, 1993)},
    SERIES = {Math. Phys. Stud.},
    VOLUME = {19},
     PAGES = {3--7},
 PUBLISHER = {Kluwer Acad. Publ., Dordrecht},
      YEAR = {1996},
   MRCLASS = {14D20 (22E67)},
  MRNUMBER = {1385674},
MRREVIEWER = {Daniel Huybrechts},
}

@article {BF,
    AUTHOR = {Bezrukavnikov, Roman and Finkelberg, Michael},
     TITLE = {Equivariant {S}atake category and {K}ostant-{W}hittaker
              reduction},
   JOURNAL = {Mosc. Math. J.},
  FJOURNAL = {Moscow Mathematical Journal},
    VOLUME = {8},
      YEAR = {2008},
    NUMBER = {1},
     PAGES = {39--72, 183},
      ISSN = {1609-3321},
   MRCLASS = {19E08 (22E65 37K10)},
  MRNUMBER = {2422266},
MRREVIEWER = {Dipendra Prasad},
       DOI = {10.17323/1609-4514-2008-8-1-39-72},
       URL = {https://doi-org.ezproxy.lib.utexas.edu/10.17323/1609-4514-2008-8-1-39-72},
}

@article {KW,
    AUTHOR = {Kapustin, Anton and Witten, Edward},
     TITLE = {Electric-magnetic duality and the geometric {L}anglands
              program},
   JOURNAL = {Commun. Number Theory Phys.},
  FJOURNAL = {Communications in Number Theory and Physics},
    VOLUME = {1},
      YEAR = {2007},
    NUMBER = {1},
     PAGES = {1--236},
      ISSN = {1931-4523},
   MRCLASS = {14D21 (22E46 32G13 81T45 81T60)},
  MRNUMBER = {2306566},
MRREVIEWER = {Siye Wu},
       DOI = {10.4310/CNTP.2007.v1.n1.a1},
       URL = {https://doi.org/10.4310/CNTP.2007.v1.n1.a1},
}

@incollection {F1,
    AUTHOR = {Frenkel, Edward},
     TITLE = {Lectures on the {L}anglands program and conformal field
              theory},
 BOOKTITLE = {Frontiers in number theory, physics, and geometry. {II}},
     PAGES = {387--533},
 PUBLISHER = {Springer, Berlin},
      YEAR = {2007},
   MRCLASS = {11G45 (14D21 22E55 81T40)},
  MRNUMBER = {2290768},
MRREVIEWER = {David Ben-Zvi},
       DOI = {10.1007/978-3-540-30308-4_11},
       URL = {https://doi.org/10.1007/978-3-540-30308-4_11},
}

@article {FN,
    AUTHOR = {Frenkel, Edward and Ng\^{o}, Bao Ch\^{a}u},
     TITLE = {Geometrization of trace formulas},
   JOURNAL = {Bull. Math. Sci.},
  FJOURNAL = {Bulletin of Mathematical Sciences},
    VOLUME = {1},
      YEAR = {2011},
    NUMBER = {1},
     PAGES = {129--199},
      ISSN = {1664-3607},
   MRCLASS = {22E57 (11F70 11F72 14D24 22E55)},
  MRNUMBER = {2823791},
MRREVIEWER = {Zhiwei Yun},
       DOI = {10.1007/s13373-011-0009-0},
       URL = {https://doi-org.ezproxy.lib.utexas.edu/10.1007/s13373-011-0009-0},
}

@article {GN,
    AUTHOR = {Gaitsgory, Dennis and Nadler, David},
     TITLE = {Spherical varieties and {L}anglands duality},
   JOURNAL = {Mosc. Math. J.},
  FJOURNAL = {Moscow Mathematical Journal},
    VOLUME = {10},
      YEAR = {2010},
    NUMBER = {1},
     PAGES = {65--137, 271},
      ISSN = {1609-3321},
   MRCLASS = {22E57 (14D24 14M27)},
  MRNUMBER = {2668830},
MRREVIEWER = {Alessandro Ruzzi},
       DOI = {10.17323/1609-4514-2010-10-1-65-137},
       URL = {https://doi-org.ezproxy.lib.utexas.edu/10.17323/1609-4514-2010-10-1-65-137},
}

@article {GW,
    AUTHOR = {Gaiotto, Davide and Witten, Edward},
     TITLE = {Supersymmetric boundary conditions in {$\scr N=4$} super
              {Y}ang-{M}ills theory},
   JOURNAL = {J. Stat. Phys.},
  FJOURNAL = {Journal of Statistical Physics},
    VOLUME = {135},
      YEAR = {2009},
    NUMBER = {5-6},
     PAGES = {789--855},
      ISSN = {0022-4715},
   MRCLASS = {81T60 (81T30)},
  MRNUMBER = {2548595},
MRREVIEWER = {Yang-Hui He},
       DOI = {10.1007/s10955-009-9687-3},
       URL = {https://doi-org.ezproxy.lib.utexas.edu/10.1007/s10955-009-9687-3},
}

@incollection {Kapr,
    AUTHOR = {Kapranov, M. M.},
     TITLE = {Analogies between the {L}anglands correspondence and
              topological quantum field theory},
 BOOKTITLE = {Functional analysis on the eve of the 21st century, {V}ol. 1
              ({N}ew {B}runswick, {NJ}, 1993)},
    SERIES = {Progr. Math.},
    VOLUME = {131},
     PAGES = {119--151},
 PUBLISHER = {Birkh\"{a}user Boston, Boston, MA},
      YEAR = {1995},
   MRCLASS = {11G45 (11R39 14A20 19F05 58D29)},
  MRNUMBER = {1373001},
MRREVIEWER = {I. Dolgachev},
}

@article {K1,
    AUTHOR = {Knop, Friedrich},
     TITLE = {The asymptotic behavior of invariant collective motion},
   JOURNAL = {Invent. Math.},
  FJOURNAL = {Inventiones Mathematicae},
    VOLUME = {116},
      YEAR = {1994},
    NUMBER = {1-3},
     PAGES = {309--328},
      ISSN = {0020-9910},
   MRCLASS = {14L30 (58F05)},
  MRNUMBER = {1253195},
MRREVIEWER = {Michel Brion},
       DOI = {10.1007/BF01231563},
       URL = {https://doi-org.ezproxy.lib.utexas.edu/10.1007/BF01231563},
}

@article {K2,
    AUTHOR = {Knop, Friedrich},
     TITLE = {A {H}arish-{C}handra homomorphism for reductive group actions},
   JOURNAL = {Ann. of Math. (2)},
  FJOURNAL = {Annals of Mathematics. Second Series},
    VOLUME = {140},
      YEAR = {1994},
    NUMBER = {2},
     PAGES = {253--288},
      ISSN = {0003-486X},
   MRCLASS = {14L30 (16S30 16S32)},
  MRNUMBER = {1298713},
MRREVIEWER = {Michel Brion},
       DOI = {10.2307/2118600},
       URL = {https://doi-org.ezproxy.lib.utexas.edu/10.2307/2118600},
}

@article {Kn_Sc,
    AUTHOR = {Knop, F. and Schalke, B.},
     TITLE = {The dual group of a spherical variety},
   JOURNAL = {Trans. Moscow Math. Soc.},
  FJOURNAL = {Transactions of the Moscow Mathematical Society},
    VOLUME = {78},
      YEAR = {2017},
     PAGES = {187--216},
      ISSN = {0077-1554},
   MRCLASS = {17B22 (11F70 14L30 14M27)},
  MRNUMBER = {3738085},
MRREVIEWER = {Alexander Yu. Luzgarev},
       DOI = {10.1090/mosc/270},
       URL = {https://doi-org.ezproxy.lib.utexas.edu/10.1090/mosc/270},
}

@misc{Kim1,
    title={Arithmetic Chern-Simons Theory I},
    author={Minhyong Kim},
    year={2015},
    eprint={1510.05818},
    archivePrefix={arXiv},
    primaryClass={math.NT}
}

@article {Kim2,
    AUTHOR = {Chung, Hee-Joong and Kim, Dohyeong and Kim, Minhyong and
              Pappas, George and Park, Jeehoon and Yoo, Hwajong},
     TITLE = {Erratum: ``{A}belian arithmetic {C}hern-{S}imons theory and
              arithmetic linking numbers''},
   JOURNAL = {Int. Math. Res. Not. IMRN},
  FJOURNAL = {International Mathematics Research Notices. IMRN},
      YEAR = {2019},
    NUMBER = {18},
     PAGES = {5854--5857},
      ISSN = {1073-7928},
   MRCLASS = {11R04 (11R23 11R29 57M25)},
  MRNUMBER = {4012129},
       DOI = {10.1093/imrn/rnz097},
       URL = {https://doi-org.ezproxy.lib.utexas.edu/10.1093/imrn/rnz097},
}

@article {Mazur,
    AUTHOR = {Mazur, Barry},
     TITLE = {Notes on \'{e}tale cohomology of number fields},
   JOURNAL = {Ann. Sci. \'{E}cole Norm. Sup. (4)},
  FJOURNAL = {Annales Scientifiques de l'\'{E}cole Normale Sup\'{e}rieure. Quatri\`eme
              S\'{e}rie},
    VOLUME = {6},
      YEAR = {1973},
     PAGES = {521--552 (1974)},
      ISSN = {0012-9593},
   MRCLASS = {14F20 (12B25)},
  MRNUMBER = {344254},
MRREVIEWER = {Gerhard Pfister},
       URL = {http://www.numdam.org/item?id=ASENS_1973_4_6_4_521_0},
}

@incollection {Mor,
    AUTHOR = {Morishita, Masanori},
     TITLE = {Analogies between knots and primes, 3-manifolds and number
              rings [translation of MR2208305]},
      NOTE = {Sugaku expositions},
   JOURNAL = {Sugaku Expositions},
  FJOURNAL = {Sugaku Expositions},
    VOLUME = {23},
      YEAR = {2010},
    NUMBER = {1},
     PAGES = {1--30},
      ISSN = {0898-9583},
   MRCLASS = {57M25 (11R32 11R34)},
  MRNUMBER = {2605747},
}
	
@article {S1,
    AUTHOR = {Sakellaridis, Yiannis},
     TITLE = {On the unramified spectrum of spherical varieties over
              {$p$}-adic fields},
   JOURNAL = {Compos. Math.},
  FJOURNAL = {Compositio Mathematica},
    VOLUME = {144},
      YEAR = {2008},
    NUMBER = {4},
     PAGES = {978--1016},
      ISSN = {0010-437X},
   MRCLASS = {22E50 (11F85 14M17)},
  MRNUMBER = {2441254},
MRREVIEWER = {U. K. Anandavardhanan},
       DOI = {10.1112/S0010437X08003485},
       URL = {https://doi-org.ezproxy.lib.utexas.edu/10.1112/S0010437X08003485},
}

@article {S2,
    AUTHOR = {Sakellaridis, Yiannis},
     TITLE = {Spherical functions on spherical varieties},
   JOURNAL = {Amer. J. Math.},
  FJOURNAL = {American Journal of Mathematics},
    VOLUME = {135},
      YEAR = {2013},
    NUMBER = {5},
     PAGES = {1291--1381},
      ISSN = {0002-9327},
   MRCLASS = {22E50 (11F67 14M27 20G25 22E55)},
  MRNUMBER = {3117308},
MRREVIEWER = {Alexander Alldridge},
       DOI = {10.1353/ajm.2013.0046},
       URL = {https://doi-org.ezproxy.lib.utexas.edu/10.1353/ajm.2013.0046},
}

@article {S3,
    AUTHOR = {Sakellaridis, Yiannis},
     TITLE = {Spherical varieties and integral representations of
              {$L$}-functions},
   JOURNAL = {Algebra Number Theory},
  FJOURNAL = {Algebra \& Number Theory},
    VOLUME = {6},
      YEAR = {2012},
    NUMBER = {4},
     PAGES = {611--667},
      ISSN = {1937-0652},
   MRCLASS = {11F67 (11F66 11F70 14M27 22E55)},
  MRNUMBER = {2966713},
MRREVIEWER = {Farrell Brumley},
       DOI = {10.2140/ant.2012.6.611},
       URL = {https://doi-org.ezproxy.lib.utexas.edu/10.2140/ant.2012.6.611},
}

@article {SV,
    AUTHOR = {Sakellaridis, Yiannis and Venkatesh, Akshay},
     TITLE = {Periods and harmonic analysis on spherical varieties},
   JOURNAL = {Ast\'{e}risque},
  FJOURNAL = {Ast\'{e}risque},
    NUMBER = {396},
      YEAR = {2017},
     PAGES = {viii+360},
      ISSN = {0303-1179},
      ISBN = {978-2-85629-871-8},
   MRCLASS = {22E50 (11F67)},
  MRNUMBER = {3764130},
MRREVIEWER = {Arnab Mitra},
}

@incollection {W1,
    AUTHOR = {Witten, Edward},
     TITLE = {Geometric {L}anglands from six dimensions},
 BOOKTITLE = {A celebration of the mathematical legacy of {R}aoul {B}ott},
    SERIES = {CRM Proc. Lecture Notes},
    VOLUME = {50},
     PAGES = {281--310},
 PUBLISHER = {Amer. Math. Soc., Providence, RI},
      YEAR = {2010},
   MRCLASS = {14D24 (14D21 22E57 81T45 81T60)},
  MRNUMBER = {2648898},
MRREVIEWER = {Marcel L. Vonk},
}

@article {W2,
    AUTHOR = {Witten, Edward},
     TITLE = {More on gauge theory and geometric {L}anglands},
   JOURNAL = {Adv. Math.},
  FJOURNAL = {Advances in Mathematics},
    VOLUME = {327},
      YEAR = {2018},
     PAGES = {624--707},
      ISSN = {0001-8708},
   MRCLASS = {14H81 (14D24 14H60 53C07 81T13)},
  MRNUMBER = {3762001},
MRREVIEWER = {Derek G. Harland},
       DOI = {10.1016/j.aim.2017.06.021},
       URL = {https://doi.org/10.1016/j.aim.2017.06.021},
}
