@book{gustafsson,
  author    = {Gustafsson, B and Vasil'ev, A}, 
  title     = {Conformal and Potential Analysis in Hele-Shaw Cell},
  publisher = {Birkhäuser Basel},
  year      = 2006,
  isbn      = {978-3-7643-7703-8}
}

@article{applications,
   author = {{Ross}, J. and {Witt Nystrom}, D.},
    title = "{Applications of the duality between the Complex Monge-Amp$\backslash$`ere Equation and the Hele-Shaw flow}",
  journal = {ArXiv e-prints},
archivePrefix = "arXiv",
   eprint = {1509.02665},
 primaryClass = "math.CV",
 keywords = {Mathematics - Complex Variables, Mathematics - Differential Geometry},
     year = 2015,
    month = sep,
   adsurl = {http://adsabs.harvard.edu/abs/2015arXiv150902665R},
  adsnote = {Provided by the SAO/NASA Astrophysics Data System}
}

@article {lelong,
    AUTHOR = {Lelong, Pierre},
     TITLE = {Propri\'et\'es m\'etriques des vari\'et\'es analytiques complexes
              d\'efinies par une \'equation},
   JOURNAL = {Ann. Sci. \'Ecole Norm. Sup. (3)},
  FJOURNAL = {Annales Scientifiques de l'\'Ecole Normale Sup\'erieure. Troisi\`eme
              S\'erie},
    VOLUME = {67},
      YEAR = {1950},
     PAGES = {393--419},
      ISSN = {0012-9593},
   MRCLASS = {30.0X},
  MRNUMBER = {0047789},
MRREVIEWER = {Franti\AA !`ek Wolf},
       URL = {http://www.numdam.org/item?id=ASENS_1950_3_67__393_0},
}

@article{richardson, 
        title={Hele Shaw flows with a free boundary produced by the injection of fluid into a narrow channel}, 
        volume={56}, 
        DOI={10.1017/S0022112072002551}, 
        number={4}, 
        journal={Journal of Fluid Mechanics}, 
        publisher={Cambridge University Press}, 
        author={Richardson, S.}, 
        year={1972}, 
        pages={609–618}}
