@book{lang_alg,
  title={Algebra},
  author={Lang, S.},
  isbn={9780387953854},
  lccn={01054916},
  series={Graduate Texts in Mathematics},
  url={https://books.google.com/books?id=Fge-BwqhqIYC},
  year={2005},
  publisher={Springer New York}
}

@book{lang_alg_numb,
  title={Algebraic Number Theory},
  author={Lang, S.},
  isbn={9780387942254},
  lccn={93050625},
  series={Applied Mathematical Sciences},
  url={https://books.google.com/books?id=u5eGtA0YalgC},
  year={1994},
  publisher={Springer}
}

@book{hartshorne,
  title={Algebraic Geometry},
  author={Hartshorne, R.},
  isbn={9780387902449},
  lccn={lc77001177},
  series={Encyclopaedia of mathematical sciences},
  url={https://books.google.com/books?id=3rtX9t-nnvwC},
  year={1977},
  publisher={Springer}
}

@book{brown_complex,
  title={Complex Variables and Applications},
  author={Brown, J.W. and Churchill, R.V.},
  isbn={9780072872521},
  lccn={2002043104},
  series={Brown-Churchill series},
  url={https://books.google.com/books?id=4vfuAAAAMAAJ},
  year={2004},
  publisher={McGraw-Hill Higher Education}
}

@book{ahlfors_complex,
  title={COMPLEX ANALYSIS},
  author={Ahlfors, L.V.},
  url={https://books.google.com/books?id=RfYK28TcZEwC},
  year={1966}
}

@book{stein_complex,
  title={Complex Analysis},
  author={Stein, E.M. and Shakarchi, R.},
  isbn={9781400831159},
  series={Princeton lectures in analysis},
  url={https://books.google.com/books?id=0ECHh9tjPUAC},
  year={2010},
  publisher={Princeton University Press}
}

@book{artin_algebra,
  title={Algebra},
  author={Artin, M.},
  isbn={9780132413770},
  lccn={2010017573},
  url={https://books.google.com/books?id=QsOfPwAACAAJ},
  year={2011},
  publisher={Pearson Prentice Hall}
}

@article{swan_spheres,
author = "Swan, Richard G.",
doi = "10.1216/rmjm/1181072502",
fjournal = "Rocky Mountain Journal of Mathematics",
journal = "Rocky Mountain J. Math.",
month = "12",
number = "4",
pages = "1443--1469",
publisher = "Rocky Mountain Mathematics Consortium",
title = "Algebraic Vector Bundles on the 2-Sphere",
url = "https://doi.org/10.1216/rmjm/1181072502",
volume = "23",
year = "1993"
}

@book{cartan_homological,
  title={Homological Algebra},
  author={Cartan, H. and Eilenberg, S.},
  isbn={9780691049915},
  series={Princeton landmarks in mathematics and physics},
  url={https://books.google.com/books?id=0268b52ghcsC},
  year={1999},
  publisher={Princeton University Press}
}

@book{demazure_alg_geom,
  title={Introduction to Algebraic Geometry and Algebraic Groups},
  author={Demazure, M. and Gabriel, P.},
  isbn={9780080871509},
  series={North-Holland Mathematics Studies},
  url={https://books.google.com/books?id=RDKRyP00aoMC},
  year={1980},
  publisher={Elsevier Science}
}

@book{demazure_p_groups,
  title={Lectures on p-divisible groups},
  author={Demazure, M.},
  isbn={9783540060925},
  lccn={lc72095971},
  series={Lecture notes in mathematics},
  url={https://books.google.com/books?id=QJ4ZAQAAIAAJ},
  year={1972},
  publisher={Springer}
}

@ARTICLE{dvir_kakeya,
   author = {{Dvir}, Z.},
    title = "{On the size of Kakeya sets in finite fields}",
  journal = {Journal of the American Mathematical Society},
archivePrefix = "arXiv",
   eprint = {0803.2336},
 primaryClass = "math.CO",
 keywords = {Kakeya, finite fields, polynomial method},
     year = 2009,
    month = oct,
   volume = 22,
    pages = {1093-1097},
      doi = {10.1090/S0894-0347-08-00607-3},
   adsurl = {http://adsabs.harvard.edu/abs/2009JAMS...22.1093D},
  adsnote = {Provided by the SAO/NASA Astrophysics Data System}
}

@book{eisenbud_comm_algebra,
  title={Commutative Algebra: With a View Toward Algebraic Geometry},
  author={Eisenbud, D.},
  isbn={9780387942698},
  lccn={lc94017351},
  series={Graduate Texts in Mathematics},
  url={https://books.google.com/books?id=Fm\_yPgZBucMC},
  year={1995},
  publisher={Springer}
}

@article{zariski_nullstellensatz,
author = "Zariski, Oscar",
fjournal = "Bulletin of the American Mathematical Society",
journal = "Bull. Amer. Math. Soc.",
month = "04",
number = "4",
pages = "362--368",
publisher = "American Mathematical Society",
title = "A new proof of Hilbert's Nullstellensatz",
url = "https://projecteuclid.org:443/euclid.bams/1183510605",
volume = "53",
year = "1947"
}

@book{nehari_conformal,
  title={Conformal Mapping},
  author={Nehari, Z.},
  isbn={9780486145037},
  series={Dover Books on Mathematics},
  url={https://books.google.com/books?id=ZEVosWb9CnAC},
  year={2012},
  publisher={Dover Publications}
}

@book{fulton_harris,
  title={Representation Theory: A First Course},
  author={Fulton, W. and Harris, J.},
  isbn={9780387974958},
  lccn={96165313},
  series={Graduate Texts in Mathematics},
  url={https://books.google.com/books?id=6GUH8ARxhp8C},
  year={1991},
  publisher={Springer New York}
}


@book{serre_rep,
  title={Linear Representations of Finite Groups},
  author={Scott, L.L. and Serre, J.P.},
  isbn={9780387901909},
  lccn={76012585},
  series={Graduate Texts in Mathematics},
  url={https://books.google.com/books?id=NCfZgr54TJ4C},
  year={1996},
  publisher={Springer New York}
}

@book{zeta_graphs,
  title={Zeta Functions of Graphs: A Stroll through the Garden},
  author={Terras, A.},
  isbn={9781139491785},
  series={Cambridge Studies in Advanced Mathematics},
  url={https://books.google.com/books?id=ZJ5Va\_k6CqoC},
  year={2010},
  publisher={Cambridge University Press}
}


@article{dynamical_zeta,
author = "Ruelle, David",
fjournal = "Notices of the AMS",
month = "09",
number = "8",
pages = "887--895",
publisher = "American Mathematical Society",
title = "Dynamical Zeta Functions and Transfer Operators",
volume = "49",
year = "2002"
}


@ARTICLE{auroux_fukaya,
   author = {{Auroux}, D.},
    title = "{A beginner's introduction to Fukaya categories}",
  journal = {ArXiv e-prints},
archivePrefix = "arXiv",
   eprint = {1301.7056},
 primaryClass = "math.SG",
 keywords = {Mathematics - Symplectic Geometry},
     year = 2013,
    month = jan,
   adsurl = {http://adsabs.harvard.edu/abs/2013arXiv1301.7056A}
}

@article{papa_57,
 ISSN = {0003486X},
 URL = {http://www.jstor.org/stable/1970113},
 author = {C. D. Papakyriakopoulos},
 journal = {Annals of Mathematics},
 number = {1},
 pages = {1--26},
 publisher = {Annals of Mathematics},
 title = {On Dehn's Lemma and the Asphericity of Knots},
 volume = {66},
 year = {1957}
}

@article{dyer_knots,
 author = {E. Dyer and A.T. Vasquez},
 journal = {Canad. J. Math.},
 pages = {1132--1136},
 title = {The sphericity of higher dimensional knots},
 volume = {25},
 year = {1973}
}

@article{swarup_75,
title = "An unknotting criterion",
journal = "Journal of Pure and Applied Algebra",
volume = "6",
number = "3",
pages = "291 - 296",
year = "1975",
issn = "0022-4049",
doi = "https://doi.org/10.1016/0022-4049(75)90025-0",
url = "http://www.sciencedirect.com/science/article/pii/0022404975900250",
author = "G.Ananda Swarup"
}

@article{dunwoody_87,
title = "On the finiteness of higher knot sums",
journal = "Topology",
volume = "26",
number = "3",
pages = "337 - 343",
year = "1987",
issn = "0040-9383",
doi = "https://doi.org/10.1016/0040-9383(87)90005-X",
url = "http://www.sciencedirect.com/science/article/pii/004093838790005X",
author = "M.J. Dunwoody and R.A. Fenn"
}

@article{gabai_86,
author = {Gabai, David},
journal = {Commentarii mathematici Helvetici},
keywords = {link; Seifert surface; fibered link; fibered knots; alternating links; pretzel links; Murasugi sum; sutured manifold},
pages = {519-555},
title = {Detecting fibred links in S3.},
url = {http://eudml.org/doc/140067},
volume = {61},
year = {1986},
}

@article{hutchings_taubes_sw,
author = {Hutchings, Michael},
author = {Taubes, C.H.},
journal = {AMS},
pages = {103-142},
title = {An introduction to the Seiberg-Witten equations on symplectic four-manifolds},
year = {1999}
}

@article{poincare, author={Poincar\'e, Henri}, 
title={{Sur le probl\`eme des trois corps et les \'equations de la dynamique}}, 
journal={Acta mathematica}, 
volume={13}, 
year={1890}, 
pages={1--270} }


@article {arnold,
    AUTHOR = {Arnol\cprime d, Vladimir},
     TITLE = {Sur une propri\'{e}t\'{e} topologique des applications globalement
              canoniques de la m\'{e}canique classique},
   JOURNAL = {C. R. Acad. Sci. Paris},
    VOLUME = {261},
      YEAR = {1965},
     PAGES = {3719--3722},
   MRCLASS = {57.50 (34.65)},
  MRNUMBER = {0193645},
MRREVIEWER = {E. A. Feldman},
}

@article{floer1986,
author = {Floer, Andreas},
fjournal = {Duke Mathematical Journal},
journal = {Duke Math. J.},
month = {03},
number = {1},
pages = {1--32},
publisher = {Duke University Press},
title = {Proof of the Arnold conjecture for surfaces and generalizations to certain K\"{a}hler manifolds}
url = {https://doi.org/10.1215/S0012-7094-86-05301-9},
volume = {53},
year = {1986},
MRNUMBER={835793}
}

@ARTICLE{lip_oz_thurs,
   author = {{Lipshitz}, R. and {Ozsvath}, P. and {Thurston}, D.},
    title = "Bordered Heegaard Floer homology: Invariance and pairing",
  journal = {ArXiv e-prints},
archivePrefix = "arXiv",
   eprint = {0810.0687},
 primaryClass = "math.GT",
     year = 2008
}

@ARTICLE{auroux_heegaard_floer,
   author = {{Auroux}, D.},
    title = "{Fukaya categories of symmetric products and bordered Heegaard-Floer homology}",
  journal = {ArXiv e-prints},
archivePrefix = "arXiv",
   eprint = {1001.4323},
 primaryClass = "math.GT",
 keywords = {Mathematics - Geometric Topology, Mathematics - Symplectic Geometry},
     year = 2010,
    month = jan,
   adsurl = {http://adsabs.harvard.edu/abs/2010arXiv1001.4323A},
  adsnote = {Provided by the SAO/NASA Astrophysics Data System}
}

@ARTICLE{lee,
   author = {{Lee}, H.},
    title = "{Homological mirror symmetry for open Riemann surfaces from pair-of-pants decompositions}",
  journal = {ArXiv e-prints},
archivePrefix = "arXiv",
   eprint = {1608.04473},
 primaryClass = "math.SG",
 keywords = {Mathematics - Symplectic Geometry, Mathematics - Algebraic Geometry},
     year = 2016,
    month = aug,
   adsurl = {http://adsabs.harvard.edu/abs/2016arXiv160804473L},
  adsnote = {Provided by the SAO/NASA Astrophysics Data System}
}

@article{witten_jones,
author = "Witten, Edward",
fjournal = "Communications in Mathematical Physics",
journal = "Comm. Math. Phys.",
number = "3",
pages = "351--399",
publisher = "Springer",
title = "Quantum field theory and the Jones polynomial",
url = "https://projecteuclid.org:443/euclid.cmp/1104178138",
volume = "121",
year = "1989"
}

@book{weibel,
  title={An Introduction to Homological Algebra},
  author={Weibel, C.A. and a, W.C. and Bollobas, P.B. and Fulton, W. and Katok, A. and Kirwan, F. and Sarnak, P. and Simon, B.},
  isbn={9781139648639},
  series={Cambridge Studies in Advanced Mathematics},
  url={https://books.google.com/books?id=g73DoQEACAAJ},
  year={2014},
  publisher={Cambridge University Press}
}

@book{mcduff_ist,
  title={Introduction to Symplectic Topology},
  author={McDuff, D. and Salamon, D.},
  isbn={9780198794899},
  lccn={2016946840},
  series={Oxford Mathematical Monographs},
  url={https://books.google.com/books?id=N-I-DgAAQBAJ},
  year={2016},
  publisher={Oxford University Press}
}

@book{hatcher,
  title={Algebraic Topology},
  author={Hatcher, A.},
  isbn={9780521541862},
  year={2003},
  publisher={Cambridge University Press}
}

@ARTICLE{pants,
   author = {{Hatcher}, A.},
    title = "{Pants Decompositions of Surfaces}",
  journal = {ArXiv Mathematics e-prints},
   eprint = {math/9906084},
 keywords = {Geometric Topology},
     year = 1999,
    month = jun,
   adsurl = {http://adsabs.harvard.edu/abs/1999math......6084H},
  adsnote = {Provided by the SAO/NASA Astrophysics Data System}
}


@ARTICLE{gps2,
   author = {{Ganatra}, S. and {Pardon}, J. and {Shende}, V.},
    title = "{Structural results in wrapped Floer theory}",
  journal = {ArXiv e-prints},
archivePrefix = "arXiv",
   eprint = {1809.03427},
 primaryClass = "math.SG",
 keywords = {Mathematics - Symplectic Geometry},
     year = 2018,
    month = sep,
   adsurl = {http://adsabs.harvard.edu/abs/2018arXiv180903427G},
  adsnote = {Provided by the SAO/NASA Astrophysics Data System}
}

@book{grid,
	Author = {P. Ozsv{\'a}th and A. Stipsicz and Z. Szab{\'o}},
	Date-Added = {2017-09-05 12:43:56 +0000},
	Date-Modified = {2017-09-05 12:43:56 +0000},
	Publisher = {AMS Mathematical Surveys and Monographs},
	Title = {Grid Homology for Knots and Links},
	Year = {2015}}

@book {Froyshov,
    AUTHOR = {K. Fr{\o}yshov},
     TITLE = {Compactness and gluing theory for monopoles},
    SERIES = {Geometry \& Topology Monographs},
    VOLUME = {15},
 PUBLISHER = {Geometry \& Topology Publications, Coventry},
      YEAR = {2008},
     PAGES = {viii+198},
   MRCLASS = {57R57 (53C27 57R58)},
  MRNUMBER = {2465077},
MRREVIEWER = {Michael J. Usher},
}

@ARTICLE{perutz_kahler,
   author = {{Perutz}, T.},
    title = "{A remark on K\"ahler forms on symmetric products of Riemann surfaces}",
  journal = {ArXiv Mathematics e-prints},
   eprint = {math/0501547},
 keywords = {Mathematics - Symplectic Geometry, 53D40, 32Q15},
     year = 2005,
    month = jan,
   adsurl = {http://adsabs.harvard.edu/abs/2005math......1547P},
  adsnote = {Provided by the SAO/NASA Astrophysics Data System}
}

@ARTICLE{auroux_fukaya,
   author = {{Auroux}, D.},
    title = "{A beginner's introduction to Fukaya categories}",
  journal = {ArXiv e-prints},
archivePrefix = "arXiv",
   eprint = {1301.7056},
 primaryClass = "math.SG",
 keywords = {Mathematics - Symplectic Geometry},
     year = 2013,
    month = jan,
   adsurl = {http://adsabs.harvard.edu/abs/2013arXiv1301.7056A},
  adsnote = {Provided by the SAO/NASA Astrophysics Data System}
}
	
@book{kronheimer_mrowka_2007, place={Cambridge}, series={New Mathematical Monographs}, title={Monopoles and Three-Manifolds}, DOI={10.1017/CBO9780511543111}, publisher={Cambridge University Press}, author={Kronheimer, P. and Mrowka, T.}, year={2007}, collection={New Mathematical Monographs}}

@ARTICLE{LOT,
   author = {{Lipshitz}, R. and {Ozsv\'{a}th}, P. and {Thurston}, D.},
    title = "{Bordered Heegaard Floer homology: Invariance and pairing}",
  journal = {ArXiv e-prints},
archivePrefix = "arXiv",
   eprint = {0810.0687},
 primaryClass = "math.GT",
 keywords = {Mathematics - Geometric Topology, Mathematics - Symplectic Geometry, 57R, 53D40},
     year = 2008,
    month = oct,
   adsurl = {http://adsabs.harvard.edu/abs/2008arXiv0810.0687L},
  adsnote = {Provided by the SAO/NASA Astrophysics Data System}
}

@article{OST08,
author = "Ozsv{\' a}th, P. and Szab{\' o}, Z. and Thurston, D.",
doi = "10.2140/gt.2008.12.941",
fjournal = "Geometry & Topology",
journal = "Geom. Topol.",
number = "2",
pages = "941--980",
publisher = "MSP",
title = "Legendrian knots, transverse knots and combinatorial Floer homology",
url = "https://doi.org/10.2140/gt.2008.12.941",
volume = "12",
year = "2008"
}

@article{OSS14,
	Author = {P. Ozsv{\'a}th and A. Stipsicz and Z. Szab{\'o}},
	Date-Added = {2017-09-05 12:43:56 +0000},
	Date-Modified = {2017-09-12 10:40:44 +0000},
	Journal = {Advances in Mathematics},
	Pages = {366 - 426},
	Title = {Concordance homomorphisms from knot {F}loer homology},
	Volume = {315},
	Year = {2017}}

@ARTICLE{rasmussen_phd,
   author = {{Rasmussen}, J.},
    title = "{Floer homology and knot complements}",
  journal = {ArXiv Mathematics e-prints},
   eprint = {math/0306378},
 keywords = {Geometric Topology, 57M27, 57R58},
     year = 2003,
    month = jun
}

@incollection {OS_intro,
	Author = {P. Ozsv{\' a}th and Z. Szab{\' o}},
     TITLE = {An introduction to {H}eegaard {F}loer homology},
 BOOKTITLE = {Floer homology, gauge theory, and low-dimensional topology},
    SERIES = {Clay Math. Proc.},
    VOLUME = {5},
     PAGES = {3--27},
 PUBLISHER = {Amer. Math. Soc., Providence, RI},
      YEAR = {2006},
   MRCLASS = {57R58 (57M27)},
  MRNUMBER = {2249247},
MRREVIEWER = {Stanislav Jabuka},
}
	
@article{OS_knots,
	Author = {P. Ozsv{\' a}th and Z. Szab{\' o}},
	Date-Added = {2017-09-05 12:43:56 +0000},
	Date-Modified = {2017-09-05 20:30:20 +0000},
	Journal = {Advances in Mathematics},
	Pages = {58-116},
	Title = {Holomorphic disks and knot invariants},
	Volume = {8},
	Year = {2004}}
	
@article{OS_manifolds,
	Author = {P. Ozsv{\' a}th and Z. Szab{\' o}},
	Date-Added = {2017-09-05 12:43:56 +0000},
	Date-Modified = {2017-09-05 20:29:58 +0000},
	Journal = {Annals of Mathematics},
	Pages = {1027-1158},
	Title = {Holomorphic disks and topological invariants for closed three manifolds},
	Volume = {159},
	Year = {2004}}
	
@unpublished{bordered2,
	Author = {P. Ozsv{\' a}th and Z. Szab{\' o}},
	Date-Added = {2018-11-01 18:26:43 +0000},
	Date-Modified = {2018-11-01 18:27:14 +0000},
	Note = {arXiv:1707.00597},
	Title = {Bordered knot algebras with matchings},
	Year = {2017}}

@unpublished{bordered1,
	Author = {P. Ozsv{\' a}th and Z. Szab{\' o}},
	Date-Added = {2018-11-01 18:24:10 +0000},
	Date-Modified = {2018-11-01 18:25:19 +0000},
	Month = {2016},
	Note = {arXiv:1603.06559},
	Title = {Kauffman states, bordered algebras, and a bigraded knot invariant.}}
	

@ARTICLE{ps_pants,
       author = {{Pascaleff}, James and {Sibilla}, Nicol{\`o}},
        title = "{Topological Fukaya category and mirror symmetry for punctured surfaces}",
      journal = {arXiv e-prints},
     keywords = {Mathematics - Algebraic Topology, Mathematics - Algebraic Geometry,
        Mathematics - Symplectic Geometry, 18E30, 53D37},
         year = 2016,
        month = Apr,
          eid = {arXiv:1604.06448},
        pages = {arXiv:1604.06448},
archivePrefix = {arXiv},
       eprint = {1604.06448},
 primaryClass = {math.AT},
       adsurl = {https://ui.adsabs.harvard.edu/\#abs/2016arXiv160406448P},
      adsnote = {Provided by the SAO/NASA Astrophysics Data System}
}


