@article{Z,
   title={The Powell conjecture and reducing sphere complexes},
   ISSN={1469-7750},
   url={http://dx.doi.org/10.1112/jlms.12272},
   DOI={10.1112/jlms.12272},
   journal={Journal of the London Mathematical Society},
   publisher={Wiley},
   author={Zupan, Alexander},
   year={2019},
   month={Jul}
}

@article {S,
    AUTHOR = {Sibilla, Nicol\`o},
     TITLE = {A note on mapping class group actions on derived categories},
   JOURNAL = {Proc. Amer. Math. Soc.},
  FJOURNAL = {Proceedings of the American Mathematical Society},
    VOLUME = {142},
      YEAR = {2014},
    NUMBER = {6},
     PAGES = {1837--1848},
      ISSN = {0002-9939},
   MRCLASS = {14F05 (53D37)},
  MRNUMBER = {3182005},
MRREVIEWER = {Junwu Tu},
       DOI = {10.1090/S0002-9939-2014-11914-9},
       URL = {https://doi.org/10.1090/S0002-9939-2014-11914-9},
}

@article {ST,
    AUTHOR = {Seidel, Paul and Thomas, Richard},
     TITLE = {Braid group actions on derived categories of coherent sheaves},
   JOURNAL = {Duke Math. J.},
  FJOURNAL = {Duke Mathematical Journal},
    VOLUME = {108},
      YEAR = {2001},
    NUMBER = {1},
     PAGES = {37--108},
      ISSN = {0012-7094},
   MRCLASS = {14F05 (14J32 18E30 20F36 53D40)},
  MRNUMBER = {1831820},
MRREVIEWER = {Mikhail G. Khovanov},
       DOI = {10.1215/S0012-7094-01-10812-0},
       URL = {https://doi.org/10.1215/S0012-7094-01-10812-0},
}

@article {Si,
    AUTHOR = {Sibilla, Nicol\`o},
     TITLE = {A note on mapping class group actions on derived categories},
   JOURNAL = {Proc. Amer. Math. Soc.},
  FJOURNAL = {Proceedings of the American Mathematical Society},
    VOLUME = {142},
      YEAR = {2014},
    NUMBER = {6},
     PAGES = {1837--1848},
      ISSN = {0002-9939},
   MRCLASS = {14F05 (53D37)},
  MRNUMBER = {3182005},
MRREVIEWER = {Junwu Tu},
       DOI = {10.1090/S0002-9939-2014-11914-9},
       URL = {https://doi-org.ezproxy.lib.utexas.edu/10.1090/S0002-9939-2014-11914-9},
}

@article {FLW,
    AUTHOR = {Freedman, Michael H. and Larsen, Michael and Wang, Zhenghan},
     TITLE = {A modular functor which is universal for quantum computation},
   JOURNAL = {Comm. Math. Phys.},
  FJOURNAL = {Communications in Mathematical Physics},
    VOLUME = {227},
      YEAR = {2002},
    NUMBER = {3},
     PAGES = {605--622},
      ISSN = {0010-3616},
   MRCLASS = {57R56 (68P05 81P68)},
  MRNUMBER = {1910833},
MRREVIEWER = {R\u{a}zvan Gelca},
       DOI = {10.1007/s002200200645},
       URL = {https://doi-org.ezproxy.lib.utexas.edu/10.1007/s002200200645},
}

@article {FKW,
    AUTHOR = {Freedman, Michael H. and Kitaev, Alexei and Wang, Zhenghan},
     TITLE = {Simulation of topological field theories by quantum computers},
   JOURNAL = {Comm. Math. Phys.},
  FJOURNAL = {Communications in Mathematical Physics},
    VOLUME = {227},
      YEAR = {2002},
    NUMBER = {3},
     PAGES = {587--603},
      ISSN = {0010-3616},
   MRCLASS = {57R56 (68P05 81P68 81T45)},
  MRNUMBER = {1910832},
MRREVIEWER = {R\u{a}zvan Gelca},
       DOI = {10.1007/s002200200635},
       URL = {https://doi-org.ezproxy.lib.utexas.edu/10.1007/s002200200635},
}

@incollection {FKLW,
    AUTHOR = {Freedman, Michael H. and Kitaev, Alexei and Larsen, Michael J.
              and Wang, Zhenghan},
     TITLE = {Topological quantum computation},
      NOTE = {Mathematical challenges of the 21st century (Los Angeles, CA,
              2000)},
   JOURNAL = {Bull. Amer. Math. Soc. (N.S.)},
  FJOURNAL = {American Mathematical Society. Bulletin. New Series},
    VOLUME = {40},
      YEAR = {2003},
    NUMBER = {1},
     PAGES = {31--38},
      ISSN = {0273-0979},
   MRCLASS = {57R56 (68Q05 81P68)},
  MRNUMBER = {1943131},
       DOI = {10.1090/S0273-0979-02-00964-3},
       URL = {https://doi-org.ezproxy.lib.utexas.edu/10.1090/S0273-0979-02-00964-3},
}
		

@article {D,
    AUTHOR = {Damiani, Celeste},
     TITLE = {A journey through loop braid groups},
   JOURNAL = {Expo. Math.},
  FJOURNAL = {Expositiones Mathematicae},
    VOLUME = {35},
      YEAR = {2017},
    NUMBER = {3},
     PAGES = {252--285},
      ISSN = {0723-0869},
   MRCLASS = {20F36},
  MRNUMBER = {3689901},
MRREVIEWER = {Oscar Ocampo},
       DOI = {10.1016/j.exmath.2016.12.003},
       URL = {https://doi-org.ezproxy.lib.utexas.edu/10.1016/j.exmath.2016.12.003},
}

@article {P,
    AUTHOR = {Powell, Jerome},
     TITLE = {Homeomorphisms of {$S^{3}$} leaving a {H}eegaard surface
              invariant},
   JOURNAL = {Trans. Amer. Math. Soc.},
  FJOURNAL = {Transactions of the American Mathematical Society},
    VOLUME = {257},
      YEAR = {1980},
    NUMBER = {1},
     PAGES = {193--216},
      ISSN = {0002-9947},
   MRCLASS = {57N10},
  MRNUMBER = {549161},
MRREVIEWER = {John Hempel},
       DOI = {10.2307/1998131},
       URL = {https://doi-org.ezproxy.lib.utexas.edu/10.2307/1998131},
}


@misc{FS,
    title={Powell moves and the Goeritz group},
    author={Michael Freedman and Martin Scharlemann},
    year={2018},
    eprint={1804.05909},
    archivePrefix={arXiv},
    primaryClass={math.GT}
}

@article {G,
    AUTHOR = {Goeritz, Lebrecht},
     TITLE = {Die abbildungen der brezelfl\"{a}che und der vollbrezel vom
              geschlecht 2},
   JOURNAL = {Abh. Math. Sem. Univ. Hamburg},
  FJOURNAL = {Abhandlungen aus dem Mathematischen Seminar der Universit\"{a}t
              Hamburg},
    VOLUME = {9},
      YEAR = {1933},
    NUMBER = {1},
     PAGES = {244--259},
      ISSN = {0025-5858},
   MRCLASS = {DML},
  MRNUMBER = {3069602},
       DOI = {10.1007/BF02940650},
       URL = {https://doi-org.ezproxy.lib.utexas.edu/10.1007/BF02940650},
}

@inproceedings {H,
    AUTHOR = {Humphries, Stephen P.},
     TITLE = {Generators for the mapping class group},
 BOOKTITLE = {Topology of low-dimensional manifolds ({P}roc. {S}econd
              {S}ussex {C}onf., {C}helwood {G}ate, 1977)},
    SERIES = {Lecture Notes in Math.},
    VOLUME = {722},
     PAGES = {44--47},
 PUBLISHER = {Springer, Berlin},
      YEAR = {1979},
   MRCLASS = {57N10 (30F35)},
  MRNUMBER = {547453},
MRREVIEWER = {J. S. Birman},
}

@article {Li,
    AUTHOR = {Lickorish, W. B. R.},
     TITLE = {A finite set of generators for the homeotopy group of a
              {$2$}-manifold},
   JOURNAL = {Proc. Cambridge Philos. Soc.},
  FJOURNAL = {Proceedings of the Cambridge Philosophical Society},
    VOLUME = {60},
      YEAR = {1964},
     PAGES = {769--778},
      ISSN = {0008-1981},
   MRCLASS = {54.75},
  MRNUMBER = {171269},
MRREVIEWER = {R. H. Fox},
       DOI = {10.1017/s030500410003824x},
       URL = {https://doi-org.ezproxy.lib.utexas.edu/10.1017/s030500410003824x},
}

@book {primer,
    AUTHOR = {Farb, Benson and Margalit, Dan},
     TITLE = {A primer on mapping class groups},
    SERIES = {Princeton Mathematical Series},
    VOLUME = {49},
 PUBLISHER = {Princeton University Press, Princeton, NJ},
      YEAR = {2012},
     PAGES = {xiv+472},
      ISBN = {978-0-691-14794-9},
   MRCLASS = {57M50 (20F36 20F65 57M07 57N05)},
  MRNUMBER = {2850125},
MRREVIEWER = {Stephen P. Humphries},
}

@article {GHK,
    AUTHOR = {Gross, Mark and Hacking, Paul and Keel, Sean},
     TITLE = {Mirror symmetry for log {C}alabi-{Y}au surfaces {I}},
   JOURNAL = {Publ. Math. Inst. Hautes \'{E}tudes Sci.},
  FJOURNAL = {Publications Math\'{e}matiques. Institut de Hautes \'{E}tudes
              Scientifiques},
    VOLUME = {122},
      YEAR = {2015},
     PAGES = {65--168},
      ISSN = {0073-8301},
   MRCLASS = {14J33 (14J32 14N35)},
  MRNUMBER = {3415066},
MRREVIEWER = {Amin Gholampour},
       DOI = {10.1007/s10240-015-0073-1},
       URL = {https://doi-org.ezproxy.lib.utexas.edu/10.1007/s10240-015-0073-1},
}
	
@article {GS1,
    AUTHOR = {Gross, Mark and Siebert, Bernd},
     TITLE = {Mirror symmetry via logarithmic degeneration data. {I}},
   JOURNAL = {J. Differential Geom.},
  FJOURNAL = {Journal of Differential Geometry},
    VOLUME = {72},
      YEAR = {2006},
    NUMBER = {2},
     PAGES = {169--338},
      ISSN = {0022-040X},
   MRCLASS = {14J32 (32Q25)},
  MRNUMBER = {2213573},
MRREVIEWER = {Diego Matessi},
       URL = {http://projecteuclid.org.ezproxy.lib.utexas.edu/euclid.jdg/1143593211},
}

@article {GS2,
    AUTHOR = {Gross, Mark and Siebert, Bernd},
     TITLE = {Mirror symmetry via logarithmic degeneration data, {II}},
   JOURNAL = {J. Algebraic Geom.},
  FJOURNAL = {Journal of Algebraic Geometry},
    VOLUME = {19},
      YEAR = {2010},
    NUMBER = {4},
     PAGES = {679--780},
      ISSN = {1056-3911},
   MRCLASS = {14J33 (14C30 14F40 14T05)},
  MRNUMBER = {2669728},
MRREVIEWER = {Diego Matessi},
       DOI = {10.1090/S1056-3911-2010-00555-3},
       URL = {https://doi-org.ezproxy.lib.utexas.edu/10.1090/S1056-3911-2010-00555-3},
}

@incollection {GS3,
    AUTHOR = {Gross, Mark and Siebert, Bernd},
     TITLE = {Theta functions and mirror symmetry},
 BOOKTITLE = {Surveys in differential geometry 2016. {A}dvances in geometry
              and mathematical physics},
    SERIES = {Surv. Differ. Geom.},
    VOLUME = {21},
     PAGES = {95--138},
 PUBLISHER = {Int. Press, Somerville, MA},
      YEAR = {2016},
   MRCLASS = {14J33 (14K25)},
  MRNUMBER = {3525095},
MRREVIEWER = {Sergiy Koshkin},
}
		
@incollection {GS4,
    AUTHOR = {Gross, Mark and Siebert, Bernd},
     TITLE = {Intrinsic mirror symmetry and punctured {G}romov-{W}itten
              invariants},
 BOOKTITLE = {Algebraic geometry: {S}alt {L}ake {C}ity 2015},
    SERIES = {Proc. Sympos. Pure Math.},
    VOLUME = {97},
     PAGES = {199--230},
 PUBLISHER = {Amer. Math. Soc., Providence, RI},
      YEAR = {2018},
   MRCLASS = {14N35 (14J32 14J33)},
  MRNUMBER = {3821173},
MRREVIEWER = {Andrea Petracci},
}
	
@book {Lee,
    AUTHOR = {Lee, Heather Ming},
     TITLE = {Homological mirror symmetry for open {R}iemann surfaces from
              pair-of-pants decompositions},
      NOTE = {Thesis (Ph.D.)--University of California, Berkeley},
 PUBLISHER = {ProQuest LLC, Ann Arbor, MI},
      YEAR = {2015},
     PAGES = {51},
      ISBN = {978-1339-21684-3},
   MRCLASS = {Thesis},
  MRNUMBER = {3450266},
       URL =
              {http://gateway.proquest.com.ezproxy.lib.utexas.edu/openurl?url_ver=Z39.88-2004&rft_val_fmt=info:ofi/fmt:kev:mtx:dissertation&res_dat=xri:pqm&rft_dat=xri:pqdiss:3733409},
}

@article {PS,
    AUTHOR = {Pascaleff, James and Sibilla, Nicol\`o},
     TITLE = {Topological {F}ukaya category and mirror symmetry for
              punctured surfaces},
   JOURNAL = {Compos. Math.},
  FJOURNAL = {Compositio Mathematica},
    VOLUME = {155},
      YEAR = {2019},
    NUMBER = {3},
     PAGES = {599--644},
      ISSN = {0010-437X},
   MRCLASS = {53D37 (14J33 18E30)},
  MRNUMBER = {3923362},
       DOI = {10.1112/s0010437x19007073},
       URL = {https://doi-org.ezproxy.lib.utexas.edu/10.1112/s0010437x19007073},
}