@article{cement,
   author = {{Schmah}, A. and {Buechel}, N. and {Garrett}, S. and {Lomnitz}, M. and 
	{Sun}, X. and {Van Dyke}, J. and {Xu}, J. and {Zhang}, J.},
    title = "{Radiation Hardness Test of Eljen EJ-500 Optical Cement}",
  journal = {ArXiv e-prints},
archivePrefix = "arXiv",
   eprint = {1703.10606},
 primaryClass = "physics.ins-det",
 keywords = {Physics - Instrumentation and Detectors},
     year = 2017,
    month = mar,
   adsurl = {http://adsabs.harvard.edu/abs/2017arXiv170310606B},
  adsnote = {Provided by the SAO/NASA Astrophysics Data System}
}

@article{freya,
title = "Parameter optimization and uncertainty analysis of {FREYA} for spontaneous fission",
author = "Van Dyke, J. and Bernstein, L.A. and Vogt, R.",
journal = "Nuclear Instruments and Methods in Physics Research Section A: Accelerators, Spectrometers, Detectors and Associated Equipment",
volume = "922",
pages = "36 - 46",
year = "2019",
issn = "0168-9002",
doi = "https://doi.org/10.1016/j.nima.2019.01.001",
url = "http://www.sciencedirect.com/science/article/pii/S0168900219300014",
}
