@article{summer17,
   author = {{Ross}, Julian and {Singer}, Michael and {Van Dyke}, Jackson},
    title = "{Asymptotics of partial density functions}",
    journal = "N/A",
     year={In preparation}
}

@article {antonio,
    AUTHOR = {Alfieri, Antonio and Van Dyke, Jackson},
     TITLE = {An introduction to knot {F}loer homology and curved bordered
              algebras},
   JOURNAL = {Periodica Mathematica Hungarica},
  FJOURNAL = {Periodica Mathematica Hungarica. Journal of the J\'{a}nos Bolyai
              Mathematical Society},
    VOLUME = {80},
      YEAR = {2020},
    NUMBER = {2},
     PAGES = {211--236},
      ISSN = {0031-5303},
   MRCLASS = {57K18},
  MRNUMBER = {4109229},
       DOI = {10.1007/s10998-020-00311-8},
       URL = {https://doi-org.ezproxy.lib.utexas.edu/10.1007/s10998-020-00311-8},
}
	
@article{senior_thesis,
	Author = {Van Dyke, Jackson},
    Title = {Non-sectorial gluing of {F}ukaya categories, and the {F}ukaya category of
some objects in low-dimensional topology},
	journal = {Senior thesis},
	year = 2019}

@misc{VD:3d,
      title={Projective symmetries of three-dimensional {TQFTs}}, 
      author={Van Dyke, Jackson},
      year={2023},
      eprint={2311.01637},
      archivePrefix={arXiv},
      primaryClass={math.QA},
    note={\href{https://arxiv.org/abs/2311.01637}{arXiv: 2311.01637 [math.QA]}}
}

@misc{VD:int,
      title={Symmetries of quantization of finite groupoids},
      author={Van Dyke, Jackson},
      year={2023},
      eprint={2312.00117},
      archivePrefix={arXiv},
      primaryClass={math.QA},
    note={\href{https://arxiv.org/abs/2312.00117}{arXiv: 2312.00117 [math.QA]}}
}

@article{VD:proj,
	Author = {Van Dyke, Jackson},
    Title = {The projectivization of the {M}orita category of monoidal categories},
	journal = {In preparation},
	year = 2023}

@book{BZVD,
	Author = {Ben-Zvi, David and Van Dyke, Jackson},
    Title = {\textbf{Book:} Between electric-magnetic duality and the Langlands program},
	journal = {In preparation},
    publisher={In preparation},
    note={Available online at 
    \href{https://web.ma.utexas.edu/users/vandyke/notes/langlands_sp21/langlands.pdf}{utexas.edu/users/vandyke/notes/langlands\_sp21/langlands.pdf}.},
	year = 2023}
