@book{fourier_FT,
  title={Th{\'e}orie analytique de la chaleur},
  author={Fourier, J.B.J.},
  url={https://books.google.com/books?id=TDQJAAAAIAAJ},
  year={1822},
  publisher={Chez Firmin Didot, p{\`e}re et fils}
}

@ARTICLE{kontsevich_HMS,
       author = {{Kontsevich}, M.},
        title = "{Homological Algebra of Mirror Symmetry}",
      journal = {arXiv e-prints},
     keywords = {Mathematics - Algebraic Geometry, High Energy Physics - Theory},
         year = "1994",
        month = "Nov",
          eid = {alg-geom/9411018},
        pages = {alg-geom/9411018},
archivePrefix = {arXiv},
 primaryClass = {math.AG},
       adsurl = {https://ui.adsabs.harvard.edu/abs/1994alg.geom.11018K},
      adsnote = {Provided by the SAO/NASA Astrophysics Data System}
}

@ARTICLE{L_cob_hyp,
       author = {{Lurie}, J.},
        title = "{On the Classification of Topological Field Theories}",
      journal = {arXiv e-prints},
     keywords = {Mathematics - Category Theory, Mathematics - Algebraic Topology, 55N22},
         year = "2009",
        month = "May",
          eid = {arXiv:0905.0465},
        pages = {arXiv:0905.0465},
archivePrefix = {arXiv},
 primaryClass = {math.CT},
       adsurl = {https://ui.adsabs.harvard.edu/abs/2009arXiv0905.0465L},
      adsnote = {Provided by the SAO/NASA Astrophysics Data System}
}

@article{3d_ms,
title = "Mirror symmetry in three dimensional gauge theories",
journal = "Physics Letters B",
volume = "387",
number = "3",
pages = "513 - 519",
year = "1996",
issn = "0370-2693",
doi = "https://doi.org/10.1016/0370-2693(96)01088-X",
url = "http://www.sciencedirect.com/science/article/pii/037026939601088X",
author = "K. Intriligator and N. Seiberg",
abstract = "We discuss non-trivial fixed points of the renormalization group with dual descriptions in N = 4 gauge theories in three dimensions. This new duality acts as mirror symmetry, exchanging the Higgs and Coulomb branches of the theories. Quantum effects on the Coulomb branch arise classically on the Higgs branch of the dual theory. We present examples of dual theories whose Higgs/Coulomb branch are the ALE spaces and whose Coulomb/Higgs branches are the moduli space of instantons of the corresponding ADE gauge group. In particular, we show that in three dimensions small E8 instantons in string theory are described by a local quantum field theory."
}

@ARTICLE{3d_amodel,
       author = {{Kapustin}, A. and {Vyas}, K.},
        title = "{A-models in three and four dimensions}",
      journal = {arXiv e-prints},
     keywords = {High Energy Physics - Theory},
         year = "2010",
        month = "Feb",
          eid = {arXiv:1002.4241},
        pages = {arXiv:1002.4241},
archivePrefix = {arXiv},
 primaryClass = {hep-th},
       adsurl = {https://ui.adsabs.harvard.edu/abs/2010arXiv1002.4241K},
      adsnote = {Provided by the SAO/NASA Astrophysics Data System}
}

@ARTICLE{RW,
       author = {{Rozansky}, L. and {Witten}, E.},
        title = "{Hyper-K{\"a}hler geometry and invariants of three-manifolds}",
      journal = {Selecta Mathematica},
     keywords = {High Energy Physics - Theory, Mathematics - Quantum Algebra},
         year = "1997",
        month = "Sep",
       volume = {3},
        pages = {401-458},
          doi = {10.1007/s000290050016},
archivePrefix = {arXiv},
 primaryClass = {hep-th},
       adsurl = {https://ui.adsabs.harvard.edu/abs/1997SeMat...3..401R},
      adsnote = {Provided by the SAO/NASA Astrophysics Data System}
}

@ARTICLE{KRS,
       author = {{Kapustin}, A. and {Rozansky}, L. and {Saulina}, N.},
        title = "{Three-dimensional topological field theory and symplectic algebraic geometry I}",
      journal = {Nuclear Physics B},
     keywords = {High Energy Physics - Theory, Mathematics - Algebraic Geometry, Mathematics - Quantum Algebra},
         year = "2009",
        month = "Aug",
       volume = {816},
       number = {3},
        pages = {295-355},
          doi = {10.1016/j.nuclphysb.2009.01.027},
archivePrefix = {arXiv},
 primaryClass = {hep-th},
       adsurl = {https://ui.adsabs.harvard.edu/abs/2009NuPhB.816..295K},
      adsnote = {Provided by the SAO/NASA Astrophysics Data System}
}

@ARTICLE{Kapustin_RW,
       author = {{Kapustin}, A.},
        title = "{Topological Field Theory, Higher Categories, and Their Applications}",
      journal = {arXiv e-prints},
     keywords = {Mathematics - Quantum Algebra, High Energy Physics - Theory},
         year = "2010",
        month = "Apr",
          eid = {arXiv:1004.2307},
        pages = {arXiv:1004.2307},
archivePrefix = {arXiv},
 primaryClass = {math.QA},
       adsurl = {https://ui.adsabs.harvard.edu/abs/2010arXiv1004.2307K},
      adsnote = {Provided by the SAO/NASA Astrophysics Data System}
}

@ARTICLE{1_affineness,
       author = {{Gaitsgory}, D.},
        title = "{Sheaves of categories and the notion of 1-affineness}",
      journal = {arXiv e-prints},
     keywords = {Mathematics - Algebraic Geometry},
         year = "2013",
        month = "Jun",
          eid = {arXiv:1306.4304},
        pages = {arXiv:1306.4304},
archivePrefix = {arXiv},
 primaryClass = {math.AG},
       adsurl = {https://ui.adsabs.harvard.edu/abs/2013arXiv1306.4304G},
      adsnote = {Provided by the SAO/NASA Astrophysics Data System}
}

@ARTICLE{BFN,
       author = {{Ben-Zvi}, D. and {Francis}, J. and {Nadler}, D.},
        title = "{Integral Transforms and Drinfeld Centers in Derived Algebraic Geometry}",
      journal = {arXiv e-prints},
     keywords = {Mathematics - Algebraic Geometry, Mathematics - Algebraic Topology, Mathematics - Representation Theory},
         year = "2008",
        month = "May",
          eid = {arXiv:0805.0157},
        pages = {arXiv:0805.0157},
archivePrefix = {arXiv},
 primaryClass = {math.AG},
       adsurl = {https://ui.adsabs.harvard.edu/abs/2008arXiv0805.0157B},
      adsnote = {Provided by the SAO/NASA Astrophysics Data System}
}

@ARTICLE{BN,
       author = {{Ben-Zvi}, D. and {Nadler}, D.},
        title = "{Loop Spaces and Connections}",
      journal = {arXiv e-prints},
     keywords = {Mathematics - Algebraic Geometry, Mathematics - Algebraic Topology},
         year = "2010",
        month = "Feb",
          eid = {arXiv:1002.3636},
        pages = {arXiv:1002.3636},
archivePrefix = {arXiv},
 primaryClass = {math.AG},
       adsurl = {https://ui.adsabs.harvard.edu/abs/2010arXiv1002.3636B},
      adsnote = {Provided by the SAO/NASA Astrophysics Data System}
}

@ARTICLE{schnell,
       author = {{Schnell}, C.},
        title = "{Holonomic D-modules on abelian varieties}",
      journal = {arXiv e-prints},
     keywords = {Mathematics - Algebraic Geometry},
         year = "2013",
        month = "Jul",
          eid = {arXiv:1307.1937},
        pages = {arXiv:1307.1937},
archivePrefix = {arXiv},
 primaryClass = {math.AG},
       adsurl = {https://ui.adsabs.harvard.edu/abs/2013arXiv1307.1937S},
      adsnote = {Provided by the SAO/NASA Astrophysics Data System}
}

@ARTICLE{Kont,
       author = {{Kontsevich}, M.},
        title = "{Symplectic geometry of homological algebra}",
         year = "2009",
         month = "June",
       note = {\href{http://www.ihes.fr/~/maxim/TEXTS/Symplectic_AT2009.pdf}{ihes.fr/~/maxim/TEXTS/Symplectic_AT2009.pdf}}
}

@ARTICLE{HMS_FM,
       author = {{Tu}, J.},
        title = "{Homological mirror symmetry and Fourier-Mukai transform}",
      journal = {arXiv e-prints},
     keywords = {Mathematics - Symplectic Geometry, Mathematics - Algebraic Geometry},
         year = "2012",
        month = "Jan",
          eid = {arXiv:1201.6454},
        pages = {arXiv:1201.6454},
archivePrefix = {arXiv},
 primaryClass = {math.SG},
       adsurl = {https://ui.adsabs.harvard.edu/abs/2012arXiv1201.6454T},
      adsnote = {Provided by the SAO/NASA Astrophysics Data System}
}

@ARTICLE{Ab1,
       author = {{Abouzaid}, M.},
        title = "{Homological mirror symmetry without corrections}",
      journal = {arXiv e-prints},
     keywords = {Mathematics - Symplectic Geometry, Mathematics - Algebraic Geometry, 53D40, 53D12, 14G22},
         year = "2017",
        month = "Mar",
          eid = {arXiv:1703.07898},
        pages = {arXiv:1703.07898},
archivePrefix = {arXiv},
 primaryClass = {math.SG},
       adsurl = {https://ui.adsabs.harvard.edu/abs/2017arXiv170307898A},
      adsnote = {Provided by the SAO/NASA Astrophysics Data System}
}

@ARTICLE{Ab2,
       author = {{Abouzaid}, M.},
        title = "{Family Floer cohomology and mirror symmetry}",
      journal = {arXiv e-prints},
     keywords = {Mathematics - Symplectic Geometry, Mathematics - Algebraic Geometry, Primary 53D40, Secondary 14J33},
         year = "2014",
        month = "Apr",
          eid = {arXiv:1404.2659},
        pages = {arXiv:1404.2659},
archivePrefix = {arXiv},
 primaryClass = {math.SG},
       adsurl = {https://ui.adsabs.harvard.edu/abs/2014arXiv1404.2659A},
      adsnote = {Provided by the SAO/NASA Astrophysics Data System}
}

@Article{Sh,
author="Sheridan, N.",
title="Homological mirror symmetry for Calabi--Yau hypersurfaces in projective space",
journal="Inventiones mathematicae",
year="2015",
month="Jan",
day="01",
volume="199",
number="1",
pages="1--186",
abstract="We prove Homological Mirror Symmetry for a smooth {\$}{\$}d{\$}{\$}d-dimensional Calabi--Yau hypersurface in projective space, for any {\$}{\$}d {\backslash}ge 3{\$}{\$}dâ‰¥3(for example, {\$}{\$}d=3{\$}{\$}d=3is the quintic threefold). The main techniques involved in the proof are: the construction of an immersed Lagrangian sphere in the `{\$}{\$}d{\$}{\$}d-dimensional pair of pants'; the introduction of the `relative Fukaya category', and an understanding of its grading structure; a description of the behaviour of this category with respect to branched covers (via an `orbifold' Fukaya category); a Morse--Bott model for the relative Fukaya category that allows one to make explicit computations; and the introduction of certain graded categories of matrix factorizations mirror to the relative Fukaya category.",
issn="1432-1297",
doi="10.1007/s00222-014-0507-2",
url="https://doi.org/10.1007/s00222-014-0507-2"
}

@ARTICLE{Tim,
       author = {{Perutz}, T.},
        title = "{The Mirror's Magic Sights: An Update on Mirror Symmetry}",
      journal = {Notices of the AMS},
         year = "2019",
        month = "Apr",
        pages = {483-492},
volume = {66},
       number = {4}
}


@ARTICLE{Nad_MS,
       author = {{Nadler}, D.},
        title = "{Mirror symmetry for the Landau-Ginzburg A-model $M=\mathbb C^n, W=z_1 \cdots z_n$}",
      journal = {arXiv e-prints},
     keywords = {Mathematics - Symplectic Geometry, Mathematical Physics, Mathematics - Representation Theory},
         year = "2016",
        month = "Jan",
          eid = {arXiv:1601.02977},
        pages = {arXiv:1601.02977},
archivePrefix = {arXiv},
 primaryClass = {math.SG},
       adsurl = {https://ui.adsabs.harvard.edu/abs/2016arXiv160102977N},
      adsnote = {Provided by the SAO/NASA Astrophysics Data System}
}


@article{senior_thesis2,
	Author = {J. Van{ }Dyke},
	Title = {Trapping disks in high-dimensional projective hypersurfaces},
	 journal = {In preparation},
	year = 2019}
	
@ARTICLE{lee,
   author = {{Lee}, H.},
    title = "{Homological mirror symmetry for open Riemann surfaces from pair-of-pants decompositions}",
  journal = {ArXiv e-prints},
archivePrefix = "arXiv",
 primaryClass = "math.SG",
 keywords = {Mathematics - Symplectic Geometry, Mathematics - Algebraic Geometry},
     year = 2016,
    month = aug,
   adsurl = {http://adsabs.harvard.edu/abs/2016arXiv160804473L},
  adsnote = {Provided by the SAO/NASA Astrophysics Data System}
}

@book{KS,
  title={Sheaves on Manifolds: With a Short History. {\guillemotleft}Les d{\'e}buts de la th{\'e}orie des faisceaux{\guillemotright}. By Christian Houzel},
  author={Kashiwara, M. and Schapira, P.},
  isbn={9783540518617},
  lccn={90042430},
  series={Grundlehren der mathematischen Wissenschaften},
  url={https://books.google.com/books?id=qfWcUSQRsX4C},
  year={2002},
  publisher={Springer Berlin Heidelberg}
}

@ARTICLE{teleman,
       author = {{Teleman}, Constantin},
        title = "{Gauge theory and mirror symmetry}",
      journal = {arXiv e-prints},
     keywords = {Mathematical Physics, Mathematics - Algebraic Topology, Mathematics - Symplectic Geometry, 57R56, 55N91},
         year = "2014",
        month = "Apr",
          eid = {arXiv:1404.6305},
        pages = {arXiv:1404.6305},
archivePrefix = {arXiv},
 primaryClass = {math-ph},
       adsurl = {https://ui.adsabs.harvard.edu/abs/2014arXiv1404.6305T},
      adsnote = {Provided by the SAO/NASA Astrophysics Data System}
}

@ARTICLE{auroux_heegaard_floer,
   author = {{Auroux}, D.},
    title = "{Fukaya categories of symmetric products and bordered Heegaard-Floer homology}",
  journal = {ArXiv e-prints},
archivePrefix = "arXiv",
 primaryClass = "math.GT",
 keywords = {Mathematics - Geometric Topology, Mathematics - Symplectic Geometry},
     year = 2010,
    month = jan,
   adsurl = {http://adsabs.harvard.edu/abs/2010arXiv1001.4323A},
  adsnote = {Provided by the SAO/NASA Astrophysics Data System}
}

@ARTICLE{LOT,
   author = {{Lipshitz}, R. and {Ozsv\'{a}th}, P. and {Thurston}, D.},
    title = "{Bordered Heegaard Floer homology: Invariance and pairing}",
  journal = {ArXiv e-prints},
archivePrefix = "arXiv",
 primaryClass = "math.GT",
 keywords = {Mathematics - Geometric Topology, Mathematics - Symplectic Geometry, 57R, 53D40},
     year = 2008,
    month = oct,
   adsurl = {http://adsabs.harvard.edu/abs/2008arXiv0810.0687L},
  adsnote = {Provided by the SAO/NASA Astrophysics Data System}
}

@ARTICLE{nadler_arboreal1,
       author = {{Nadler}, David},
        title = "{Arboreal Singularities}",
      journal = {arXiv e-prints},
     keywords = {Mathematics - Symplectic Geometry, Mathematics - Combinatorics, Mathematics - Representation Theory},
         year = "2013",
        month = "Sep",
          eid = {arXiv:1309.4122},
        pages = {arXiv:1309.4122},
archivePrefix = {arXiv},
 primaryClass = {math.SG},
       adsurl = {https://ui.adsabs.harvard.edu/abs/2013arXiv1309.4122N},
      adsnote = {Provided by the SAO/NASA Astrophysics Data System}
}

@ARTICLE{gentle,
       author = {{Lekili}, Y. and {Polishchuk}, A.},
        title = "{Derived equivalences of gentle algebras via Fukaya categories}",
      journal = {arXiv e-prints},
     keywords = {Mathematics - Symplectic Geometry, Mathematics - Algebraic Geometry, Mathematics - Representation Theory},
         year = "2018",
        month = "Jan",
          eid = {arXiv:1801.06370},
        pages = {arXiv:1801.06370},
archivePrefix = {arXiv},
 primaryClass = {math.SG},
       adsurl = {https://ui.adsabs.harvard.edu/abs/2018arXiv180106370L},
      adsnote = {Provided by the SAO/NASA Astrophysics Data System}
}
@ARTICLE{GPS2,
       author = {{Ganatra}, Sheel and {Pardon}, John and {Shende}, Vivek},
        title = "{Structural results in wrapped Floer theory}",
     keywords = {Mathematics - Symplectic Geometry},
         year = "2018",
        month = "Sep",
          eid = {arXiv:1809.03427},
        pages = {arXiv:1809.03427},
archivePrefix = {arXiv},
 primaryClass = {math.SG},
       adsurl = {https://ui.adsabs.harvard.edu/abs/2018arXiv180903427G},
      adsnote = {Provided by the SAO/NASA Astrophysics Data System}
}


