@book{weinberg:1, 
place={Cambridge}, 
title={The Quantum Theory of Fields}, 
volume={1}, DOI={10.1017/CBO9781139644167}, 
publisher={Cambridge University Press}, 
author={Weinberg, Steven}, 
year={1995}}

@book{weinberg:2, 
place={Cambridge}, 
title={The Quantum Theory of Fields}, 
volume={2}, 
DOI={10.1017/CBO9781139644174}, 
publisher={Cambridge University Press}, 
author={Weinberg, Steven}, 
year={1996}}

@book{weinberg:3, 
title={The Quantum Theory of Fields}, 
volume={3}, 
DOI={10.1017/CBO9781139644174}, 
publisher={Cambridge University Press}, 
author={Weinberg, Steven}, 
year={2013}}

@article {FH:CW_forms,
    AUTHOR = {Freed, Daniel S. and Hopkins, Michael J.},
     TITLE = {Chern-{W}eil forms and abstract homotopy theory},
   JOURNAL = {Bull. Amer. Math. Soc. (N.S.)},
  FJOURNAL = {American Mathematical Society. Bulletin. New Series},
    VOLUME = {50},
      YEAR = {2013},
    NUMBER = {3},
     PAGES = {431--468},
      ISSN = {0273-0979},
   MRCLASS = {58A12 (53C05 53C08 55U35)},
  MRNUMBER = {3049871},
MRREVIEWER = {Donald W. Kahn},
       DOI = {10.1090/S0273-0979-2013-01415-0},
       URL = {https://doi-org.ezproxy.lib.utexas.edu/10.1090/S0273-0979-2013-01415-0},
}

@incollection {Freed:CW_forms,
    AUTHOR = {Freed, Daniel S.},
     TITLE = {On equivariant {C}hern-{W}eil forms and determinant lines},
 BOOKTITLE = {Surveys in differential geometry 2017. {C}elebrating the 50th
              anniversary of the {J}ournal of {D}ifferential {G}eometry},
    SERIES = {Surv. Differ. Geom.},
    VOLUME = {22},
     PAGES = {125--132},
 PUBLISHER = {Int. Press, Somerville, MA},
      YEAR = {2018},
   MRCLASS = {53C05},
  MRNUMBER = {3838116},
MRREVIEWER = {Marco Castrillon Lopez},
}

@article {Rieffel:Morita,
    AUTHOR = {Rieffel, Marc A.},
     TITLE = {On the uniqueness of the {H}eisenberg commutation relations},
   JOURNAL = {Duke Math. J.},
  FJOURNAL = {Duke Mathematical Journal},
    VOLUME = {39},
      YEAR = {1972},
     PAGES = {745--752},
      ISSN = {0012-7094},
   MRCLASS = {22D10 (81.46)},
  MRNUMBER = {412340},
MRREVIEWER = {Johan G. Belinfante},
       URL = {http://projecteuclid.org.ezproxy.lib.utexas.edu/euclid.dmj/1077380581},
}

@book {LV:weil,
    AUTHOR = {Lion, G\'{e}rard and Vergne, Mich\`ele},
     TITLE = {The {W}eil representation, {M}aslov index and theta series},
    SERIES = {Progress in Mathematics},
    VOLUME = {6},
 PUBLISHER = {Birkh\"{a}user, Boston, Mass.},
      YEAR = {1980},
     PAGES = {vi+337},
      ISBN = {3-7643-3007-4},
   MRCLASS = {58G15 (10D20 14K25 22D10 81D05)},
  MRNUMBER = {573448},
MRREVIEWER = {A. Crumeyrolle},
       DOI = {10.1016/0012-365x(79)90168-7},
       URL = {https://doi-org.ezproxy.lib.utexas.edu/10.1016/0012-365x(79)90168-7},
}

@book {Pol:theta,
    AUTHOR = {Polishchuk, Alexander},
     TITLE = {Abelian varieties, theta functions and the {F}ourier
              transform},
    SERIES = {Cambridge Tracts in Mathematics},
    VOLUME = {153},
 PUBLISHER = {Cambridge University Press, Cambridge},
      YEAR = {2003},
     PAGES = {xvi+292},
      ISBN = {0-521-80804-9},
   MRCLASS = {14K05 (11F27 14H40 14H42 14K20 14K25)},
  MRNUMBER = {1987784},
MRREVIEWER = {Bal\'{a}zs Szendr\H{o}i},
       DOI = {10.1017/CBO9780511546532},
       URL = {https://doi-org.ezproxy.lib.utexas.edu/10.1017/CBO9780511546532},
}

@book {MNN:theta,
    AUTHOR = {Mumford, David},
     TITLE = {Tata lectures on theta. {III}},
    SERIES = {Modern Birkh\"{a}user Classics},
      NOTE = {With collaboration of Madhav Nori and Peter Norman,
              Reprint of the 1991 original},
 PUBLISHER = {Birkh\"{a}user Boston, Inc., Boston, MA},
      YEAR = {2007},
     PAGES = {viii+202},
      ISBN = {978-0-8176-4570-0; 0-8176-4570-5},
   MRCLASS = {14K25 (11F27 14K05 22D10)},
  MRNUMBER = {2307769},
       DOI = {10.1007/978-0-8176-4578-6},
       URL = {https://doi-org.ezproxy.lib.utexas.edu/10.1007/978-0-8176-4578-6},
}

@misc{Had:finite,
      title={Notes on quantization of symplectic vector spaces over finite fields},
      author={Shamgar Gurevich and Ronny Hadani},
      year={2009},
      eprint={0708.0669},
      archivePrefix={arXiv},
      primaryClass={math-ph}
}

@misc{Had:2,
      title={The Weil Representation in Characteristic Two}, 
      author={Shamgar Gurevich and Ronny Hadani},
      year={2008},
      eprint={0808.1664},
      archivePrefix={arXiv},
      primaryClass={math.RT}
}

@misc{Had:geometric,
      title={The Geometric Weil Representation}, 
      author={Shamgar Gurevich and Ronny Hadani},
      year={2007},
      eprint={math/0610818},
      archivePrefix={arXiv},
      primaryClass={math.RT}
}

@misc{Had:categorical,
      title={The categorical Weil representation}, 
      author={Shamgar Gurevich and Ronny Hadani},
      year={2011},
      eprint={1108.0351},
      archivePrefix={arXiv},
      primaryClass={math.RT}
}
