@article{cement,
   author = {{Schmah}, A. and {Buechel}, N. and {Garrett}, S. and {Lomnitz}, M. and 
	{Sun}, X. and {Van Dyke}, J. and {Xu}, J. and {Zhang}, J.},
    title = "{Radiation Hardness Test of Eljen EJ-500 Optical Cement}",
  journal = {ArXiv e-prints},
archivePrefix = "arXiv",
   eprint = {1703.10606},
 primaryClass = "physics.ins-det",
 keywords = {Physics - Instrumentation and Detectors},
     year = 2017,
    month = mar,
   adsurl = {http://adsabs.harvard.edu/abs/2017arXiv170310606B},
  adsnote = {Provided by the SAO/NASA Astrophysics Data System}
}

@article{summer17,
   author = {{Ross}, J. and {Singer}, M. and {Van Dyke}, J.},
    title = "{Asymptotics of partial density functions}",
     note = {In preparation.}
}

@article{freya1,
title = "Parameter optimization and uncertainty analysis of FREYAÂ for spontaneous fission",
journal = "Nuclear Instruments and Methods in Physics Research Section A: Accelerators, Spectrometers, Detectors and Associated Equipment",
volume = "922",
pages = "36 - 46",
year = "2019",
issn = "0168-9002",
doi = "https://doi.org/10.1016/j.nima.2019.01.001",
url = "http://www.sciencedirect.com/science/article/pii/S0168900219300014",
author = "Van Dyke, J and Bernstein, L.A. and Vogt, R."
}

@article {antonio,
    AUTHOR = {Alfieri, Antonio and Van Dyke, Jackson},
     TITLE = {An introduction to knot {F}loer homology and curved bordered
              algebras},
   JOURNAL = {Period. Math. Hungar.},
  FJOURNAL = {Periodica Mathematica Hungarica. Journal of the J\'{a}nos Bolyai
              Mathematical Society},
    VOLUME = {80},
      YEAR = {2020},
    NUMBER = {2},
     PAGES = {211--236},
      ISSN = {0031-5303},
   MRCLASS = {57K18},
  MRNUMBER = {4109229},
       DOI = {10.1007/s10998-020-00311-8},
       URL = {https://doi-org.ezproxy.lib.utexas.edu/10.1007/s10998-020-00311-8},
}
	
@article{senior_thesis,
	Author = {J. Van{ }Dyke},
	Title = {Non-sectorial gluing of Fukaya categories},
	 journal = {In preparation},
	year = 2019}

@article{senior_thesis2,
	Author = {J. Van{ }Dyke},
    Title = {The {F}ukaya category of some objects in low-dimensional topology},
	 journal = {In preparation},
	year = 2019}
