@article{Field:intro,
	doi = {10.1088/2058-9565/aacad2},
	url = {https://doi.org/10.1088%2F2058-9565%2Faacad2},
	year = 2018,
	month = {jul},
	publisher = {{IOP} Publishing},
	volume = {3},
	number = {4},
	pages = {045004},
	author = {Bernard Field and Tapio Simula},
	title = {Introduction to topological quantum computation with non-Abelian anyons},
	journal = {Quantum Science and Technology}
}

@book {wang:book,
    AUTHOR = {Wang, Zhenghan},
     TITLE = {Topological quantum computation},
    SERIES = {CBMS Regional Conference Series in Mathematics},
    VOLUME = {112},
 PUBLISHER = {Published for the Conference Board of the Mathematical
              Sciences, Washington, DC; by the American Mathematical
              Society, Providence, RI},
      YEAR = {2010},
     PAGES = {xiv+115},
      ISBN = {978-0-8218-4930-9},
   MRCLASS = {81P68 (18D10 57M27 57R56 68Q12 81T45)},
  MRNUMBER = {2640343},
MRREVIEWER = {Sergiy Koshkin},
       DOI = {10.1090/cbms/112},
       URL = {https://doi-org.ezproxy.lib.utexas.edu/10.1090/cbms/112},
}

