@inproceedings {Pe:HF,
    AUTHOR = {Perutz, Timothy},
     TITLE = {Hamiltonian handleslides for {H}eegaard {F}loer homology},
 BOOKTITLE = {Proceedings of {G}\"{o}kova {G}eometry-{T}opology {C}onference
              2007},
     PAGES = {15--35},
 PUBLISHER = {G\"{o}kova Geometry/Topology Conference (GGT), G\"{o}kova},
      YEAR = {2008},
   MRCLASS = {57R58 (57R17)},
  MRNUMBER = {2509747},
MRREVIEWER = {Rongmin Lu},
}

@article {Au:HF,
    AUTHOR = {Auroux, Denis},
     TITLE = {Fukaya categories of symmetric products and bordered
              {H}eegaard-{F}loer homology},
   JOURNAL = {J. G\"{o}kova Geom. Topol. GGT},
  FJOURNAL = {Journal of G\"{o}kova Geometry Topology. GGT},
    VOLUME = {4},
      YEAR = {2010},
     PAGES = {1--54},
   MRCLASS = {53D37 (53D10 53D12 57M27)},
  MRNUMBER = {2755992},
MRREVIEWER = {David E. Hurtubise},
}


@article {OS:3mflds,
    AUTHOR = {Ozsv\'{a}th, Peter and Szab\'{o}, Zolt\'{a}n},
     TITLE = {Holomorphic disks and topological invariants for closed
              three-manifolds},
   JOURNAL = {Ann. of Math. (2)},
  FJOURNAL = {Annals of Mathematics. Second Series},
    VOLUME = {159},
      YEAR = {2004},
    NUMBER = {3},
     PAGES = {1027--1158},
      ISSN = {0003-486X},
   MRCLASS = {57M27 (32Q65 57R58)},
  MRNUMBER = {2113019},
MRREVIEWER = {Thomas E. Mark},
       DOI = {10.4007/annals.2004.159.1027},
       URL = {https://doi-org.ezproxy.lib.utexas.edu/10.4007/annals.2004.159.1027},
}

@misc{Huang,
    title={A dynamical construction of Liouville domains},
    author={Yang Huang},
    year={2019},
    eprint={1910.14132},
    archivePrefix={arXiv},
    primaryClass={math.SG}
}

@book {MS:jholo_ST,
    AUTHOR = {McDuff, Dusa and Salamon, Dietmar},
     TITLE = {{$J$}-holomorphic curves and symplectic topology},
    SERIES = {American Mathematical Society Colloquium Publications},
    VOLUME = {52},
   EDITION = {Second},
 PUBLISHER = {American Mathematical Society, Providence, RI},
      YEAR = {2012},
     PAGES = {xiv+726},
      ISBN = {978-0-8218-8746-2},
   MRCLASS = {53D45 (32Q65 53D35)},
  MRNUMBER = {2954391},
MRREVIEWER = {Mark Alan Branson},
}
