@ARTICLE{Man,
       author = {{Manolescu}, Ciprian},
        title = "{Lectures on the triangulation conjecture}",
      journal = {arXiv e-prints},
     keywords = {Mathematics - Geometric Topology, 57R58 (Primary), 57Q15, 57M27 (Secondary)},
         year = "2016",
        month = "Jul",
          eid = {arXiv:1607.08163},
        pages = {arXiv:1607.08163},
archivePrefix = {arXiv},
       eprint = {1607.08163},
 primaryClass = {math.GT},
       adsurl = {https://ui.adsabs.harvard.edu/abs/2016arXiv160708163M},
      adsnote = {Provided by the SAO/NASA Astrophysics Data System}
}

@article{Moise,
 ISSN = {0003486X},
 URL = {http://www.jstor.org/stable/1969769},
 author = {Edwin E. Moise},
 journal = {Annals of Mathematics},
 number = {1},
 pages = {96--114},
 publisher = {Annals of Mathematics},
 title = {Affine Structures in 3-Manifolds: V. The Triangulation Theorem and Hauptvermutung},
 volume = {56},
 year = {1952}
}

@article{Freedman,
author = "Freedman, Michael Hartley",
doi = "10.4310/jdg/1214437136",
fjournal = "Journal of Differential Geometry",
journal = "J. Differential Geom.",
number = "3",
pages = "357--453",
publisher = "Lehigh University",
title = "The topology of four-dimensional manifolds",
url = "https://doi.org/10.4310/jdg/1214437136",
volume = "17",
year = "1982"
}

@article{Kirby,
author = "Kirby, R. C. and Siebenmann, L. C.",
fjournal = "Bulletin of the American Mathematical Society",
journal = "Bull. Amer. Math. Soc.",
month = "07",
number = "4",
pages = "742--749",
publisher = "American Mathematical Society",
title = "On the triangulation of manifolds and the Hauptvermutung",
url = "https://projecteuclid.org:443/euclid.bams/1183530633",
volume = "75",
year = "1969"
}

@article{Taubes,
author = "Taubes, Clifford Henry",
doi = "10.4310/jdg/1214444327",
fjournal = "Journal of Differential Geometry",
journal = "J. Differential Geom.",
number = "2",
pages = "547--599",
publisher = "Lehigh University",
title = "Casson's invariant and gauge theory",
url = "https://doi.org/10.4310/jdg/1214444327",
volume = "31",
year = "1990"
}

@misc{furuta,
    title={A stable cohomotopy refinement of Seiberg-Witten invariants: I},
    author={Stefan Bauer and Mikio Furuta},
    year={2002},
    eprint={math/0204340},
    archivePrefix={arXiv},
    primaryClass={math.DG}
}
